[
  {
    "id": 123456789,
    "symbol": "BTCUSDT",
    "price": "40000.00",
    "quantity": "0.001",
    "quoteQty": "40.00",
    "time": 1725433522468,
    "isBuyerMaker": false,
    "isBestMatch": true
  },
  {
    "id": 123456790,
    "symbol": "BTCUSDT",
    "price": "40000.00",
    "quantity": "0.002",
    "quoteQty": "80.00",
    "time": 1725433523468,
    "isBuyerMaker": true,
    "isBestMatch": true
  },
  {
    "id": 123456791,
    "symbol": "BTCUSDT",
    "price": "40000.00",
    "quantity": "0.003",
    "quoteQty": "120.00",
    "time": 1725433524468,
    "isBuyerMaker": true,
    "isBestMatch": true
  },
  {
    "id": 123456792,
    "symbol": "BTCUSDT",
    "price": "40000.00",
    "quantity": "0.004",
    "quoteQty": "160.00",
    "time": 1725433525468,
    "isBuyerMaker": true,
    "isBestMatch": true
  },
  {
    "id": 123456793,
    "symbol": "BTCUSDT",
    "price": "40000.00",
    "quantity": "0.005",
    "quoteQty": "200.00",
    "time": 1725433526468,
    "isBuyerMaker": false,
    "isBestMatch": true
  },
  {
    "id": 123456794,
    "symbol": "BTCUSDT",
    "price": "40000.00",
    "quantity": "0.006",
    "quoteQty": "240.00",
    "time": 1725433527468,
    "isBuyerMaker": true,
    "isBestMatch": true
  },
  {
    "id": 123456795,
    "symbol": "BTCUSDT",
    "price": "40000.01",
    "quantity": "0.007",
    "quoteQty": "280.00",
    "time": 1725433528468,
    "isBuyerMaker": true,
    "isBestMatch": true
  },
  {
    "id": 123456796,
    "symbol": "BTCUSDT",
    "price": "40000.01",
    "quantity": "0.008",
    "quoteQty": "320.00",
    "time": 1725433529468,
    "isBuyerMaker": true,
    "isBestMatch": true
  },
  {
    "id": 123456797,
    "symbol": "BTCUSDT",
    "price": "40000.01",
    "quantity": "0.009",
    "quoteQty": "360.00",
    "time": 1725433530468,
    "isBuyerMaker": false,
    "isBestMatch": true
  },
  {
    "id": 123456798,
    "symbol": "BTCUSDT",
    "price": "40000.01",
    "quantity": "0.010",
    "quoteQty": "400.00",
    "time": 1725433531468,
    "isBuyerMaker": false,
    "isBestMatch": true
  },
  {
    "id": 123456799,
    "symbol": "BTCUSDT",
    "price": "40000.01",
    "quantity": "0.011",
    "quoteQty": "440.00",
    "time": 1725433532468,
    "isBuyerMaker": false,
    "isBestMatch": true
  },
  {
    "id": 123456800,
    "symbol": "BTCUSDT",
    "price": "40000.01",
    "quantity": "0.012",
    "quoteQty": "480.00",
    "time": 1725433533468,
    "isBuyerMaker": true,
    "isBestMatch": true
  },
  {
    "id": 123456801,
    "symbol": "BTCUSDT",
    "price": "40000.01",
    "quantity": "0.013",
    "quoteQty": "520.00",
    "time": 1725433534468,
    "isBuyerMaker": false,
    "isBestMatch": true
  },
  {
    "id": 123456802,
    "symbol": "BTCUSDT",
    "price": "40000.01",
    "quantity": "0.014",
    "quoteQty": "560.00",
    "time": 1725433535468,
    "isBuyerMaker": false,
    "isBestMatch": true
  },
  {
    "id": 123456803,
    "symbol": "BTCUSDT",
    "price": "40000.01",
    "quantity": "0.015",
    "quoteQty": "600.00",
    "time": 1725433536468,
    "isBuyerMaker": false,
    "isBestMatch": true
  },
  {
    "id": 123456804,
    "symbol": "BTCUSDT",
    "price": "40000.01",
    "quantity": "0.016",
    "quoteQty": "640.00",
    "time": 1725433537468,
    "isBuyerMaker": true,
    "isBestMatch": true
  },
  {
    "id": 123456805,
    "symbol": "BTCUSDT",
    "price": "40000.02",
    "quantity": "0.017",
    "quoteQty": "680.00",
    "time": 1725433538468,
    "isBuyerMaker": true,
    "isBestMatch": true
  },
  {
    "id": 123456806,
    "symbol": "BTCUSDT",
    "price": "40000.02",
    "quantity": "0.018",
    "quoteQty": "720.00",
    "time": 1725433539468,
    "isBuyerMaker": false,
    "isBestMatch": true
  },
  {
    "id": 123456807,
    "symbol": "BTCUSDT",
    "price": "40000.02",
    "quantity": "0.019",
    "quoteQty": "760.00",
    "time": 1725433540468,
    "isBuyerMaker": false,
    "isBestMatch": true
  },
  {
    "id": 123456808,
    "symbol": "BTCUSDT",
    "price": "40000.02",
    "quantity": "0.020",
    "quoteQty": "800.00",
    "time": 1725433541468,
    "isBuyerMaker": true,
    "isBestMatch": true
  },
  {
    "id": 123456809,
    "symbol": "BTCUSDT",
    "price": "40000.02",
    "quantity": "0.021",
    "quoteQty": "840.00",
    "time": 1725433542468,
    "isBuyerMaker": true,
    "isBestMatch": true
  },
  {
    "id": 123456810,
    "symbol": "BTCUSDT",
    "price": "40000.02",
    "quantity": "0.022",
    "quoteQty": "880.00",
    "time": 1725433543468,
    "isBuyerMaker": false,
    "isBestMatch": true
  },
  {
    "id": 123456811,
    "symbol": "BTCUSDT",
    "price": "40000.02",
    "quantity": "0.023",
    "quoteQty": "920.00",
    "time": 1725433544468,
    "isBuyerMaker": true,
    "isBestMatch": true
  },
  {
    "id": 123456812,
    "symbol": "BTCUSDT",
    "price": "40000.02",
    "quantity": "0.024",
    "quoteQty": "960.00",
    "time": 1725433545468,
    "isBuyerMaker": true,
    "isBestMatch": true
  },
  {
    "id": 123456813,
    "symbol": "BTCUSDT",
    "price": "40000.02",
    "quantity": "0.025",
    "quoteQty": "1000.00",
    "time": 1725433546468,
    "isBuyerMaker": true,
    "isBestMatch": true
  },
  {
    "id": 123456814,
    "symbol": "BTCUSDT",
    "price": "40000.03",
    "quantity": "0.026",
    "quoteQty": "1040.00",
    "time": 1725433547468,
    "isBuyerMaker": true,
    "isBestMatch": true
  },
  {
    "id": 123456815,
    "symbol": "BTCUSDT",
    "price": "40000.03",
    "quantity": "0.027",
    "quoteQty": "1080.00",
    "time": 1725433548468,
    "isBuyerMaker": false,
    "isBestMatch": true
  },
  {
    "id": 123456816,
    "symbol": "BTCUSDT",
    "price": "40000.03",
    "quantity": "0.028",
    "quoteQty": "1120.00",
    "time": 1725433549468,
    "isBuyerMaker": false,
    "isBestMatch": true
  },
  {
    "id": 123456817,
    "symbol": "BTCUSDT",
    "price": "40000.03",
    "quantity": "0.029",
    "quoteQty": "1160.00",
    "time": 1725433550468,
    "isBuyerMaker": true,
    "isBestMatch": true
  },
  {
    "id": 123456818,
    "symbol": "BTCUSDT",
    "price": "40000.03",
    "quantity": "0.030",
    "quoteQty": "1200.00",
    "time": 1725433551468,
    "isBuyerMaker": true,
    "isBestMatch": true
  },
  {
    "id": 123456819,
    "symbol": "BTCUSDT",
    "price": "40000.03",
    "quantity": "0.031",
    "quoteQty": "1240.00",
    "time": 1725433552468,
    "isBuyerMaker": false,
    "isBestMatch": true
  },
  {
    "id": 123456820,
    "symbol": "BTCUSDT",
    "price": "40000.03",
    "quantity": "0.032",
    "quoteQty": "1280.00",
    "time": 1725433553468,
    "isBuyerMaker": true,
    "isBestMatch": true
  },
  {
    "id": 123456821,
    "symbol": "BTCUSDT",
    "price": "40000.03",
    "quantity": "0.033",
    "quoteQty": "1320.00",
    "time": 1725433554468,
    "isBuyerMaker": true,
    "isBestMatch": true
  },
  {
    "id": 123456822,
    "symbol": "BTCUSDT",
    "price": "40000.03",
    "quantity": "0.034",
    "quoteQty": "1360.00",
    "time": 1725433555468,
    "isBuyerMaker": false,
    "isBestMatch": true
  },
  {
    "id": 123456823,
    "symbol": "BTCUSDT",
    "price": "40000.03",
    "quantity": "0.035",
    "quoteQty": "1400.00",
    "time": 1725433556468,
    "isBuyerMaker": true,
    "isBestMatch": true
  },
  {
    "id": 123456824,
    "symbol": "BTCUSDT",
    "price": "40000.04",
    "quantity": "0.036",
    "quoteQty": "1440.00",
    "time": 1725433557468,
    "isBuyerMaker": false,
    "isBestMatch": true
  },
  {
    "id": 123456825,
    "symbol": "BTCUSDT",
    "price": "40000.04",
    "quantity": "0.037",
    "quoteQty": "1480.00",
    "time": 1725433558468,
    "isBuyerMaker": false,
    "isBestMatch": true
  },
  {
    "id": 123456826,
    "symbol": "BTCUSDT",
    "price": "40000.04",
    "quantity": "0.038",
    "quoteQty": "1520.00",
    "time": 1725433559468,
    "isBuyerMaker": false,
    "isBestMatch": true
  },
  {
    "id": 123456827,
    "symbol": "BTCUSDT",
    "price": "40000.04",
    "quantity": "0.039",
    "quoteQty": "1560.00",
    "time": 1725433560468,
    "isBuyerMaker": false,
    "isBestMatch": true
  },
  {
    "id": 123456828,
    "symbol": "BTCUSDT",
    "price": "40000.04",
    "quantity": "0.040",
    "quoteQty": "1600.00",
    "time": 1725433561468,
    "isBuyerMaker": true,
    "isBestMatch": true
  },
  {
    "id": 123456829,
    "symbol": "BTCUSDT",
    "price": "40000.04",
    "quantity": "0.041",
    "quoteQty": "1640.00",
    "time": 1725433562468,
    "isBuyerMaker": false,
    "isBestMatch": true
  },
  {
    "id": 123456830,
    "symbol": "BTCUSDT",
    "price": "40000.04",
    "quantity": "0.042",
    "quoteQty": "1680.00",
    "time": 1725433563468,
    "isBuyerMaker": true,
    "isBestMatch": true
  },
  {
    "id": 123456831,
    "symbol": "BTCUSDT",
    "price": "40000.04",
    "quantity": "0.043",
    "quoteQty": "1720.00",
    "time": 1725433564468,
    "isBuyerMaker": false,
    "isBestMatch": true
  },
  {
    "id": 123456832,
    "symbol": "BTCUSDT",
    "price": "40000.04",
    "quantity": "0.044",
    "quoteQty": "1760.00",
    "time": 1725433565468,
    "isBuyerMaker": true,
    "isBestMatch": true
  },
  {
    "id": 123456833,
    "symbol": "BTCUSDT",
    "price": "40000.04",
    "quantity": "0.045",
    "quoteQty": "1800.00",
    "time": 1725433566468,
    "isBuyerMaker": true,
    "isBestMatch": true
  },
  {
    "id": 123456834,
    "symbol": "BTCUSDT",
    "price": "40000.04",
    "quantity": "0.046",
    "quoteQty": "1840.00",
    "time": 1725433567468,
    "isBuyerMaker": true,
    "isBestMatch": true
  },
  {
    "id": 123456835,
    "symbol": "BTCUSDT",
    "price": "40000.05",
    "quantity": "0.047",
    "quoteQty": "1880.00",
    "time": 1725433568468,
    "isBuyerMaker": false,
    "isBestMatch": true
  },
  {
    "id": 123456836,
    "symbol": "BTCUSDT",
    "price": "40000.05",
    "quantity": "0.048",
    "quoteQty": "1920.00",
    "time": 1725433569468,
    "isBuyerMaker": false,
    "isBestMatch": true
  },
  {
    "id": 123456837,
    "symbol": "BTCUSDT",
    "price": "40000.05",
    "quantity": "0.049",
    "quoteQty": "1960.00",
    "time": 1725433570468,
    "isBuyerMaker": false,
    "isBestMatch": true
  },
  {
    "id": 123456838,
    "symbol": "BTCUSDT",
    "price": "40000.05",
    "quantity": "0.050",
    "quoteQty": "2000.00",
    "time": 1725433571468,
    "isBuyerMaker": false,
    "isBestMatch": true
  },
  {
    "id": 123456839,
    "symbol": "BTCUSDT",
    "price": "40000.05",
    "quantity": "0.051",
    "quoteQty": "2040.00",
    "time": 1725433572468,
    "isBuyerMaker": true,
    "isBestMatch": true
  },
  {
    "id": 123456840,
    "symbol": "BTCUSDT",
    "price": "40000.05",
    "quantity": "0.052",
    "quoteQty": "2080.00",
    "time": 1725433573468,
    "isBuyerMaker": false,
    "isBestMatch": true
  },
  {
    "id": 123456841,
    "symbol": "BTCUSDT",
    "price": "40000.05",
    "quantity": "0.053",
    "quoteQty": "2120.00",
    "time": 1725433574468,
    "isBuyerMaker": false,
    "isBestMatch": true
  },
  {
    "id": 123456842,
    "symbol": "BTCUSDT",
    "price": "40000.05",
    "quantity": "0.054",
    "quoteQty": "2160.00",
    "time": 1725433575468,
    "isBuyerMaker": true,
    "isBestMatch": true
  },
  {
    "id": 123456843,
    "symbol": "BTCUSDT",
    "price": "40000.05",
    "quantity": "0.055",
    "quoteQty": "2200.00",
    "time": 1725433576468,
    "isBuyerMaker": false,
    "isBestMatch": true
  },
  {
    "id": 123456844,
    "symbol": "BTCUSDT",
    "price": "40000.06",
    "quantity": "0.056",
    "quoteQty": "2240.00",
    "time": 1725433577468,
    "isBuyerMaker": true,
    "isBestMatch": true
  },
  {
    "id": 123456845,
    "symbol": "BTCUSDT",
    "price": "40000.06",
    "quantity": "0.057",
    "quoteQty": "2280.00",
    "time": 1725433578468,
    "isBuyerMaker": false,
    "isBestMatch": true
  },
  {
    "id": 123456846,
    "symbol": "BTCUSDT",
    "price": "40000.06",
    "quantity": "0.058",
    "quoteQty": "2320.00",
    "time": 1725433579468,
    "isBuyerMaker": false,
    "isBestMatch": true
  },
  {
    "id": 123456847,
    "symbol": "BTCUSDT",
    "price": "40000.06",
    "quantity": "0.059",
    "quoteQty": "2360.00",
    "time": 1725433580468,
    "isBuyerMaker": true,
    "isBestMatch": true
  },
  {
    "id": 123456848,
    "symbol": "BTCUSDT",
    "price": "40000.06",
    "quantity": "0.060",
    "quoteQty": "2400.00",
    "time": 1725433581468,
    "isBuyerMaker": true,
    "isBestMatch": true
  },
  {
    "id": 123456849,
    "symbol": "BTCUSDT",
    "price": "40000.06",
    "quantity": "0.061",
    "quoteQty": "2440.00",
    "time": 1725433582468,
    "isBuyerMaker": false,
    "isBestMatch": true
  },
  {
    "id": 123456850,
    "symbol": "BTCUSDT",
    "price": "40000.06",
    "quantity": "0.062",
    "quoteQty": "2480.00",
    "time": 1725433583468,
    "isBuyerMaker": false,
    "isBestMatch": true
  },
  {
    "id": 123456851,
    "symbol": "BTCUSDT",
    "price": "40000.06",
    "quantity": "0.063",
    "quoteQty": "2520.00",
    "time": 1725433584468,
    "isBuyerMaker": false,
    "isBestMatch": true
  },
  {
    "id": 123456852,
    "symbol": "BTCUSDT",
    "price": "40000.06",
    "quantity": "0.064",
    "quoteQty": "2560.00",
    "time": 1725433585468,
    "isBuyerMaker": true,
    "isBestMatch": true
  },
  {
    "id": 123456853,
    "symbol": "BTCUSDT",
    "price": "40000.06",
    "quantity": "0.065",
    "quoteQty": "2600.00",
    "time": 1725433586468,
    "isBuyerMaker": false,
    "isBestMatch": true
  },
  {
    "id": 123456854,
    "symbol": "BTCUSDT",
    "price": "40000.07",
    "quantity": "0.066",
    "quoteQty": "2640.00",
    "time": 1725433587468,
    "isBuyerMaker": true,
    "isBestMatch": true
  },
  {
    "id": 123456855,
    "symbol": "BTCUSDT",
    "price": "40000.07",
    "quantity": "0.067",
    "quoteQty": "2680.00",
    "time": 1725433588468,
    "isBuyerMaker": false,
    "isBestMatch": true
  },
  {
    "id": 123456856,
    "symbol": "BTCUSDT",
    "price": "40000.07",
    "quantity": "0.068",
    "quoteQty": "2720.00",
    "time": 1725433589468,
    "isBuyerMaker": false,
    "isBestMatch": true
  },
  {
    "id": 123456857,
    "symbol": "BTCUSDT",
    "price": "40000.07",
    "quantity": "0.069",
    "quoteQty": "2760.00",
    "time": 1725433590468,
    "isBuyerMaker": false,
    "isBestMatch": true
  },
  {
    "id": 123456858,
    "symbol": "BTCUSDT",
    "price": "40000.07",
    "quantity": "0.070",
    "quoteQty": "2800.00",
    "time": 1725433591468,
    "isBuyerMaker": false,
    "isBestMatch": true
  },
  {
    "id": 123456859,
    "symbol": "BTCUSDT",
    "price": "40000.07",
    "quantity": "0.071",
    "quoteQty": "2840.00",
    "time": 1725433592468,
    "isBuyerMaker": true,
    "isBestMatch": true
  },
  {
    "id": 123456860,
    "symbol": "BTCUSDT",
    "price": "40000.07",
    "quantity": "0.072",
    "quoteQty": "2880.01",
    "time": 1725433593468,
    "isBuyerMaker": false,
    "isBestMatch": true
  },
  {
    "id": 123456861,
    "symbol": "BTCUSDT",
    "price": "40000.07",
    "quantity": "0.073",
    "quoteQty": "2920.01",
    "time": 1725433594468,
    "isBuyerMaker": true,
    "isBestMatch": true
  },
  {
    "id": 123456862,
    "symbol": "BTCUSDT",
    "price": "40000.07",
    "quantity": "0.074",
    "quoteQty": "2960.01",
    "time": 1725433595468,
    "isBuyerMaker": true,
    "isBestMatch": true
  },
  {
    "id": 123456863,
    "symbol": "BTCUSDT",
    "price": "40000.07",
    "quantity": "0.075",
    "quoteQty": "3000.01",
    "time": 1725433596468,
    "isBuyerMaker": true,
    "isBestMatch": true
  },
  {
    "id": 123456864,
    "symbol": "BTCUSDT",
    "price": "40000.07",
    "quantity": "0.076",
    "quoteQty": "3040.01",
    "time": 1725433597468,
    "isBuyerMaker": true,
    "isBestMatch": true
  },
  {
    "id": 123456865,
    "symbol": "BTCUSDT",
    "price": "40000.08",
    "quantity": "0.077",
    "quoteQty": "3080.01",
    "time": 1725433598468,
    "isBuyerMaker": false,
    "isBestMatch": true
  },
  {
    "id": 123456866,
    "symbol": "BTCUSDT",
    "price": "40000.08",
    "quantity": "0.078",
    "quoteQty": "3120.01",
    "time": 1725433599468,
    "isBuyerMaker": true,
    "isBestMatch": true
  },
  {
    "id": 123456867,
    "symbol": "BTCUSDT",
    "price": "40000.08",
    "quantity": "0.079",
    "quoteQty": "3160.01",
    "time": 1725433600468,
    "isBuyerMaker": false,
    "isBestMatch": true
  },
  {
    "id": 123456868,
    "symbol": "BTCUSDT",
    "price": "40000.08",
    "quantity": "0.080",
    "quoteQty": "3200.01",
    "time": 1725433601468,
    "isBuyerMaker": false,
    "isBestMatch": true
  },
  {
    "id": 123456869,
    "symbol": "BTCUSDT",
    "price": "40000.08",
    "quantity": "0.081",
    "quoteQty": "3240.01",
    "time": 1725433602468,
    "isBuyerMaker": false,
    "isBestMatch": true
  },
  {
    "id": 123456870,
    "symbol": "BTCUSDT",
    "price": "40000.08",
    "quantity": "0.082",
    "quoteQty": "3280.01",
    "time": 1725433603468,
    "isBuyerMaker": true,
    "isBestMatch": true
  },
  {
    "id": 123456871,
    "symbol": "BTCUSDT",
    "price": "40000.08",
    "quantity": "0.083",
    "quoteQty": "3320.01",
    "time": 1725433604468,
    "isBuyerMaker": false,
    "isBestMatch": true
  },
  {
    "id": 123456872,
    "symbol": "BTCUSDT",
    "price": "40000.08",
    "quantity": "0.084",
    "quoteQty": "3360.01",
    "time": 1725433605468,
    "isBuyerMaker": true,
    "isBestMatch": true
  },
  {
    "id": 123456873,
    "symbol": "BTCUSDT",
    "price": "40000.08",
    "quantity": "0.085",
    "quoteQty": "3400.01",
    "time": 1725433606468,
    "isBuyerMaker": true,
    "isBestMatch": true
  },
  {
    "id": 123456874,
    "symbol": "BTCUSDT",
    "price": "40000.08",
    "quantity": "0.086",
    "quoteQty": "3440.01",
    "time": 1725433607468,
    "isBuyerMaker": true,
    "isBestMatch": true
  },
  {
    "id": 123456875,
    "symbol": "BTCUSDT",
    "price": "40000.09",
    "quantity": "0.087",
    "quoteQty": "3480.01",
    "time": 1725433608468,
    "isBuyerMaker": false,
    "isBestMatch": true
  },
  {
    "id": 123456876,
    "symbol": "BTCUSDT",
    "price": "40000.09",
    "quantity": "0.088",
    "quoteQty": "3520.01",
    "time": 1725433609468,
    "isBuyerMaker": true,
    "isBestMatch": true
  },
  {
    "id": 123456877,
    "symbol": "BTCUSDT",
    "price": "40000.09",
    "quantity": "0.089",
    "quoteQty": "3560.01",
    "time": 1725433610468,
    "isBuyerMaker": false,
    "isBestMatch": true
  },
  {
    "id": 123456878,
    "symbol": "BTCUSDT",
    "price": "40000.09",
    "quantity": "0.090",
    "quoteQty": "3600.01",
    "time": 1725433611468,
    "isBuyerMaker": true,
    "isBestMatch": true
  },
  {
    "id": 123456879,
    "symbol": "BTCUSDT",
    "price": "40000.09",
    "quantity": "0.091",
    "quoteQty": "3640.01",
    "time": 1725433612468,
    "isBuyerMaker": false,
    "isBestMatch": true
  },
  {
    "id": 123456880,
    "symbol": "BTCUSDT",
    "price": "40000.09",
    "quantity": "0.092",
    "quoteQty": "3680.01",
    "time": 1725433613468,
    "isBuyerMaker": false,
    "isBestMatch": true
  },
  {
    "id": 123456881,
    "symbol": "BTCUSDT",
    "price": "40000.09",
    "quantity": "0.093",
    "quoteQty": "3720.01",
    "time": 1725433614468,
    "isBuyerMaker": false,
    "isBestMatch": true
  },
  {
    "id": 123456882,
    "symbol": "BTCUSDT",
    "price": "40000.09",
    "quantity": "0.094",
    "quoteQty": "3760.01",
    "time": 1725433615468,
    "isBuyerMaker": true,
    "isBestMatch": true
  },
  {
    "id": 123456883,
    "symbol": "BTCUSDT",
    "price": "40000.09",
    "quantity": "0.095",
    "quoteQty": "3800.01",
    "time": 1725433616468,
    "isBuyerMaker": true,
    "isBestMatch": true
  },
  {
    "id": 123456884,
    "symbol": "BTCUSDT",
    "price": "40000.10",
    "quantity": "0.096",
    "quoteQty": "3840.01",
    "time": 1725433617468,
    "isBuyerMaker": false,
    "isBestMatch": true
  },
  {
    "id": 123456885,
    "symbol": "BTCUSDT",
    "price": "40000.10",
    "quantity": "0.097",
    "quoteQty": "3880.01",
    "time": 1725433618468,
    "isBuyerMaker": false,
    "isBestMatch": true
  },
  {
    "id": 123456886,
    "symbol": "BTCUSDT",
    "price": "40000.10",
    "quantity": "0.098",
    "quoteQty": "3920.01",
    "time": 1725433619468,
    "isBuyerMaker": true,
    "isBestMatch": true
  },
  {
    "id": 123456887,
    "symbol": "BTCUSDT",
    "price": "40000.10",
    "quantity": "0.099",
    "quoteQty": "3960.01",
    "time": 1725433620468,
    "isBuyerMaker": false,
    "isBestMatch": true
  },
  {
    "id": 123456888,
    "symbol": "BTCUSDT",
    "price": "40000.10",
    "quantity": "0.100",
    "quoteQty": "4000.01",
    "time": 1725433621468,
    "isBuyerMaker": true,
    "isBestMatch": true
  },
  {
    "id": 123456889,
    "symbol": "BTCUSDT",
    "price": "40000.10",
    "quantity": "0.101",
    "quoteQty": "4040.01",
    "time": 1725433622468,
    "isBuyerMaker": true,
    "isBestMatch": true
  },
  {
    "id": 123456890,
    "symbol": "BTCUSDT",
    "price": "40000.10",
    "quantity": "0.102",
    "quoteQty": "4080.01",
    "time": 1725433623468,
    "isBuyerMaker": true,
    "isBestMatch": true
  },
  {
    "id": 123456891,
    "symbol": "BTCUSDT",
    "price": "40000.10",
    "quantity": "0.103",
    "quoteQty": "4120.01",
    "time": 1725433624468,
    "isBuyerMaker": false,
    "isBestMatch": true
  },
  {
    "id": 123456892,
    "symbol": "BTCUSDT",
    "price": "40000.10",
    "quantity": "0.104",
    "quoteQty": "4160.01",
    "time": 1725433625468,
    "isBuyerMaker": false,
    "isBestMatch": true
  },
  {
    "id": 123456893,
    "symbol": "BTCUSDT",
    "price": "40000.10",
    "quantity": "0.105",
    "quoteQty": "4200.01",
    "time": 1725433626468,
    "isBuyerMaker": false,
    "isBestMatch": true
  },
  {
    "id": 123456894,
    "symbol": "BTCUSDT",
    "price": "40000.11",
    "quantity": "0.106",
    "quoteQty": "4240.01",
    "time": 1725433627468,
    "isBuyerMaker": true,
    "isBestMatch": true
  },
  {
    "id": 123456895,
    "symbol": "BTCUSDT",
    "price": "40000.11",
    "quantity": "0.107",
    "quoteQty": "4280.01",
    "time": 1725433628468,
    "isBuyerMaker": true,
    "isBestMatch": true
  },
  {
    "id": 123456896,
    "symbol": "BTCUSDT",
    "price": "40000.11",
    "quantity": "0.108",
    "quoteQty": "4320.01",
    "time": 1725433629468,
    "isBuyerMaker": false,
    "isBestMatch": true
  },
  {
    "id": 123456897,
    "symbol": "BTCUSDT",
    "price": "40000.11",
    "quantity": "0.109",
    "quoteQty": "4360.01",
    "time": 1725433630468,
    "isBuyerMaker": true,
    "isBestMatch": true
  },
  {
    "id": 123456898,
    "symbol": "BTCUSDT",
    "price": "40000.11",
    "quantity": "0.110",
    "quoteQty": "4400.01",
    "time": 1725433631468,
    "isBuyerMaker": true,
    "isBestMatch": true
  },
  {
    "id": 123456899,
    "symbol": "BTCUSDT",
    "price": "40000.11",
    "quantity": "0.111",
    "quoteQty": "4440.01",
    "time": 1725433632468,
    "isBuyerMaker": false,
    "isBestMatch": true
  },
  {
    "id": 123456900,
    "symbol": "BTCUSDT",
    "price": "40000.11",
    "quantity": "0.112",
    "quoteQty": "4480.01",
    "time": 1725433633468,
    "isBuyerMaker": false,
    "isBestMatch": true
  },
  {
    "id": 123456901,
    "symbol": "BTCUSDT",
    "price": "40000.11",
    "quantity": "0.113",
    "quoteQty": "4520.01",
    "time": 1725433634468,
    "isBuyerMaker": true,
    "isBestMatch": true
  },
  {
    "id": 123456902,
    "symbol": "BTCUSDT",
    "price": "40000.11",
    "quantity": "0.114",
    "quoteQty": "4560.01",
    "time": 1725433635468,
    "isBuyerMaker": false,
    "isBestMatch": true
  },
  {
    "id": 123456903,
    "symbol": "BTCUSDT",
    "price": "40000.11",
    "quantity": "0.115",
    "quoteQty": "4600.01",
    "time": 1725433636468,
    "isBuyerMaker": false,
    "isBestMatch": true
  },
  {
    "id": 123456904,
    "symbol": "BTCUSDT",
    "price": "40000.11",
    "quantity": "0.116",
    "quoteQty": "4640.01",
    "time": 1725433637468,
    "isBuyerMaker": false,
    "isBestMatch": true
  },
  {
    "id": 123456905,
    "symbol": "BTCUSDT",
    "price": "40000.12",
    "quantity": "0.117",
    "quoteQty": "4680.01",
    "time": 1725433638468,
    "isBuyerMaker": true,
    "isBestMatch": true
  },
  {
    "id": 123456906,
    "symbol": "BTCUSDT",
    "price": "40000.12",
    "quantity": "0.118",
    "quoteQty": "4720.01",
    "time": 1725433639468,
    "isBuyerMaker": false,
    "isBestMatch": true
  },
  {
    "id": 123456907,
    "symbol": "BTCUSDT",
    "price": "40000.12",
    "quantity": "0.119",
    "quoteQty": "4760.01",
    "time": 1725433640468,
    "isBuyerMaker": true,
    "isBestMatch": true
  },
  {
    "id": 123456908,
    "symbol": "BTCUSDT",
    "price": "40000.12",
    "quantity": "0.120",
    "quoteQty": "4800.01",
    "time": 1725433641468,
    "isBuyerMaker": false,
    "isBestMatch": true
  },
  {
    "id": 123456909,
    "symbol": "BTCUSDT",
    "price": "40000.12",
    "quantity": "0.121",
    "quoteQty": "4840.01",
    "time": 1725433642468,
    "isBuyerMaker": true,
    "isBestMatch": true
  },
  {
    "id": 123456910,
    "symbol": "BTCUSDT",
    "price": "40000.12",
    "quantity": "0.122",
    "quoteQty": "4880.01",
    "time": 1725433643468,
    "isBuyerMaker": false,
    "isBestMatch": true
  },
  {
    "id": 123456911,
    "symbol": "BTCUSDT",
    "price": "40000.12",
    "quantity": "0.123",
    "quoteQty": "4920.01",
    "time": 1725433644468,
    "isBuyerMaker": false,
    "isBestMatch": true
  },
  {
    "id": 123456912,
    "symbol": "BTCUSDT",
    "price": "40000.12",
    "quantity": "0.124",
    "quoteQty": "4960.01",
    "time": 1725433645468,
    "isBuyerMaker": false,
    "isBestMatch": true
  },
  {
    "id": 123456913,
    "symbol": "BTCUSDT",
    "price": "40000.12",
    "quantity": "0.125",
    "quoteQty": "5000.02",
    "time": 1725433646468,
    "isBuyerMaker": false,
    "isBestMatch": true
  },
  {
    "id": 123456914,
    "symbol": "BTCUSDT",
    "price": "40000.13",
    "quantity": "0.126",
    "quoteQty": "5040.02",
    "time": 1725433647468,
    "isBuyerMaker": false,
    "isBestMatch": true
  },
  {
    "id": 123456915,
    "symbol": "BTCUSDT",
    "price": "40000.13",
    "quantity": "0.127",
    "quoteQty": "5080.02",
    "time": 1725433648468,
    "isBuyerMaker": false,
    "isBestMatch": true
  },
  {
    "id": 123456916,
    "symbol": "BTCUSDT",
    "price": "40000.13",
    "quantity": "0.128",
    "quoteQty": "5120.02",
    "time": 1725433649468,
    "isBuyerMaker": false,
    "isBestMatch": true
  },
  {
    "id": 123456917,
    "symbol": "BTCUSDT",
    "price": "40000.13",
    "quantity": "0.129",
    "quoteQty": "5160.02",
    "time": 1725433650468,
    "isBuyerMaker": true,
    "isBestMatch": true
  },
  {
    "id": 123456918,
    "symbol": "BTCUSDT",
    "price": "40000.13",
    "quantity": "0.130",
    "quoteQty": "5200.02",
    "time": 1725433651468,
    "isBuyerMaker": false,
    "isBestMatch": true
  },
  {
    "id": 123456919,
    "symbol": "BTCUSDT",
    "price": "40000.13",
    "quantity": "0.131",
    "quoteQty": "5240.02",
    "time": 1725433652468,
    "isBuyerMaker": true,
    "isBestMatch": true
  },
  {
    "id": 123456920,
    "symbol": "BTCUSDT",
    "price": "40000.13",
    "quantity": "0.132",
    "quoteQty": "5280.02",
    "time": 1725433653468,
    "isBuyerMaker": false,
    "isBestMatch": true
  },
  {
    "id": 123456921,
    "symbol": "BTCUSDT",
    "price": "40000.13",
    "quantity": "0.133",
    "quoteQty": "5320.02",
    "time": 1725433654468,
    "isBuyerMaker": true,
    "isBestMatch": true
  },
  {
    "id": 123456922,
    "symbol": "BTCUSDT",
    "price": "40000.13",
    "quantity": "0.134",
    "quoteQty": "5360.02",
    "time": 1725433655468,
    "isBuyerMaker": true,
    "isBestMatch": true
  },
  {
    "id": 123456923,
    "symbol": "BTCUSDT",
    "price": "40000.13",
    "quantity": "0.135",
    "quoteQty": "5400.02",
    "time": 1725433656468,
    "isBuyerMaker": true,
    "isBestMatch": true
  },
  {
    "id": 123456924,
    "symbol": "BTCUSDT",
    "price": "40000.14",
    "quantity": "0.136",
    "quoteQty": "5440.02",
    "time": 1725433657468,
    "isBuyerMaker": true,
    "isBestMatch": true
  },
  {
    "id": 123456925,
    "symbol": "BTCUSDT",
    "price": "40000.14",
    "quantity": "0.137",
    "quoteQty": "5480.02",
    "time": 1725433658468,
    "isBuyerMaker": true,
    "isBestMatch": true
  },
  {
    "id": 123456926,
    "symbol": "BTCUSDT",
    "price": "40000.14",
    "quantity": "0.138",
    "quoteQty": "5520.02",
    "time": 1725433659468,
    "isBuyerMaker": true,
    "isBestMatch": true
  },
  {
    "id": 123456927,
    "symbol": "BTCUSDT",
    "price": "40000.14",
    "quantity": "0.139",
    "quoteQty": "5560.02",
    "time": 1725433660468,
    "isBuyerMaker": true,
    "isBestMatch": true
  },
  {
    "id": 123456928,
    "symbol": "BTCUSDT",
    "price": "40000.14",
    "quantity": "0.140",
    "quoteQty": "5600.02",
    "time": 1725433661468,
    "isBuyerMaker": true,
    "isBestMatch": true
  },
  {
    "id": 123456929,
    "symbol": "BTCUSDT",
    "price": "40000.14",
    "quantity": "0.141",
    "quoteQty": "5640.02",
    "time": 1725433662468,
    "isBuyerMaker": true,
    "isBestMatch": true
  },
  {
    "id": 123456930,
    "symbol": "BTCUSDT",
    "price": "40000.14",
    "quantity": "0.142",
    "quoteQty": "5680.02",
    "time": 1725433663468,
    "isBuyerMaker": true,
    "isBestMatch": true
  },
  {
    "id": 123456931,
    "symbol": "BTCUSDT",
    "price": "40000.14",
    "quantity": "0.143",
    "quoteQty": "5720.02",
    "time": 1725433664468,
    "isBuyerMaker": true,
    "isBestMatch": true
  },
  {
    "id": 123456932,
    "symbol": "BTCUSDT",
    "price": "40000.14",
    "quantity": "0.144",
    "quoteQty": "5760.02",
    "time": 1725433665468,
    "isBuyerMaker": false,
    "isBestMatch": true
  },
  {
    "id": 123456933,
    "symbol": "BTCUSDT",
    "price": "40000.14",
    "quantity": "0.145",
    "quoteQty": "5800.02",
    "time": 1725433666468,
    "isBuyerMaker": false,
    "isBestMatch": true
  },
  {
    "id": 123456934,
    "symbol": "BTCUSDT",
    "price": "40000.14",
    "quantity": "0.146",
    "quoteQty": "5840.02",
    "time": 1725433667468,
    "isBuyerMaker": false,
    "isBestMatch": true
  },
  {
    "id": 123456935,
    "symbol": "BTCUSDT",
    "price": "40000.15",
    "quantity": "0.147",
    "quoteQty": "5880.02",
    "time": 1725433668468,
    "isBuyerMaker": true,
    "isBestMatch": true
  },
  {
    "id": 123456936,
    "symbol": "BTCUSDT",
    "price": "40000.15",
    "quantity": "0.148",
    "quoteQty": "5920.02",
    "time": 1725433669468,
    "isBuyerMaker": true,
    "isBestMatch": true
  },
  {
    "id": 123456937,
    "symbol": "BTCUSDT",
    "price": "40000.15",
    "quantity": "0.149",
    "quoteQty": "5960.02",
    "time": 1725433670468,
    "isBuyerMaker": true,
    "isBestMatch": true
  },
  {
    "id": 123456938,
    "symbol": "BTCUSDT",
    "price": "40000.15",
    "quantity": "0.150",
    "quoteQty": "6000.02",
    "time": 1725433671468,
    "isBuyerMaker": true,
    "isBestMatch": true
  },
  {
    "id": 123456939,
    "symbol": "BTCUSDT",
    "price": "40000.15",
    "quantity": "0.151",
    "quoteQty": "6040.02",
    "time": 1725433672468,
    "isBuyerMaker": true,
    "isBestMatch": true
  },
  {
    "id": 123456940,
    "symbol": "BTCUSDT",
    "price": "40000.15",
    "quantity": "0.152",
    "quoteQty": "6080.02",
    "time": 1725433673468,
    "isBuyerMaker": true,
    "isBestMatch": true
  },
  {
    "id": 123456941,
    "symbol": "BTCUSDT",
    "price": "40000.15",
    "quantity": "0.153",
    "quoteQty": "6120.02",
    "time": 1725433674468,
    "isBuyerMaker": false,
    "isBestMatch": true
  },
  {
    "id": 123456942,
    "symbol": "BTCUSDT",
    "price": "40000.15",
    "quantity": "0.154",
    "quoteQty": "6160.02",
    "time": 1725433675468,
    "isBuyerMaker": true,
    "isBestMatch": true
  },
  {
    "id": 123456943,
    "symbol": "BTCUSDT",
    "price": "40000.15",
    "quantity": "0.155",
    "quoteQty": "6200.02",
    "time": 1725433676468,
    "isBuyerMaker": false,
    "isBestMatch": true
  },
  {
    "id": 123456944,
    "symbol": "BTCUSDT",
    "price": "40000.15",
    "quantity": "0.156",
    "quoteQty": "6240.02",
    "time": 1725433677468,
    "isBuyerMaker": false,
    "isBestMatch": true
  },
  {
    "id": 123456945,
    "symbol": "BTCUSDT",
    "price": "40000.16",
    "quantity": "0.157",
    "quoteQty": "6280.03",
    "time": 1725433678468,
    "isBuyerMaker": true,
    "isBestMatch": true
  },
  {
    "id": 123456946,
    "symbol": "BTCUSDT",
    "price": "40000.16",
    "quantity": "0.158",
    "quoteQty": "6320.03",
    "time": 1725433679468,
    "isBuyerMaker": false,
    "isBestMatch": true
  },
  {
    "id": 123456947,
    "symbol": "BTCUSDT",
    "price": "40000.16",
    "quantity": "0.159",
    "quoteQty": "6360.03",
    "time": 1725433680468,
    "isBuyerMaker": false,
    "isBestMatch": true
  },
  {
    "id": 123456948,
    "symbol": "BTCUSDT",
    "price": "40000.16",
    "quantity": "0.160",
    "quoteQty": "6400.03",
    "time": 1725433681468,
    "isBuyerMaker": false,
    "isBestMatch": true
  },
  {
    "id": 123456949,
    "symbol": "BTCUSDT",
    "price": "40000.16",
    "quantity": "0.161",
    "quoteQty": "6440.03",
    "time": 1725433682468,
    "isBuyerMaker": false,
    "isBestMatch": true
  },
  {
    "id": 123456950,
    "symbol": "BTCUSDT",
    "price": "40000.16",
    "quantity": "0.162",
    "quoteQty": "6480.03",
    "time": 1725433683468,
    "isBuyerMaker": true,
    "isBestMatch": true
  },
  {
    "id": 123456951,
    "symbol": "BTCUSDT",
    "price": "40000.16",
    "quantity": "0.163",
    "quoteQty": "6520.03",
    "time": 1725433684468,
    "isBuyerMaker": true,
    "isBestMatch": true
  },
  {
    "id": 123456952,
    "symbol": "BTCUSDT",
    "price": "40000.16",
    "quantity": "0.164",
    "quoteQty": "6560.03",
    "time": 1725433685468,
    "isBuyerMaker": true,
    "isBestMatch": true
  },
  {
    "id": 123456953,
    "symbol": "BTCUSDT",
    "price": "40000.16",
    "quantity": "0.165",
    "quoteQty": "6600.03",
    "time": 1725433686468,
    "isBuyerMaker": true,
    "isBestMatch": true
  },
  {
    "id": 123456954,
    "symbol": "BTCUSDT",
    "price": "40000.17",
    "quantity": "0.166",
    "quoteQty": "6640.03",
    "time": 1725433687468,
    "isBuyerMaker": false,
    "isBestMatch": true
  },
  {
    "id": 123456955,
    "symbol": "BTCUSDT",
    "price": "40000.17",
    "quantity": "0.167",
    "quoteQty": "6680.03",
    "time": 1725433688468,
    "isBuyerMaker": true,
    "isBestMatch": true
  },
  {
    "id": 123456956,
    "symbol": "BTCUSDT",
    "price": "40000.17",
    "quantity": "0.168",
    "quoteQty": "6720.03",
    "time": 1725433689468,
    "isBuyerMaker": false,
    "isBestMatch": true
  },
  {
    "id": 123456957,
    "symbol": "BTCUSDT",
    "price": "40000.17",
    "quantity": "0.169",
    "quoteQty": "6760.03",
    "time": 1725433690468,
    "isBuyerMaker": false,
    "isBestMatch": true
  },
  {
    "id": 123456958,
    "symbol": "BTCUSDT",
    "price": "40000.17",
    "quantity": "0.170",
    "quoteQty": "6800.03",
    "time": 1725433691468,
    "isBuyerMaker": false,
    "isBestMatch": true
  },
  {
    "id": 123456959,
    "symbol": "BTCUSDT",
    "price": "40000.17",
    "quantity": "0.171",
    "quoteQty": "6840.03",
    "time": 1725433692468,
    "isBuyerMaker": false,
    "isBestMatch": true
  },
  {
    "id": 123456960,
    "symbol": "BTCUSDT",
    "price": "40000.17",
    "quantity": "0.172",
    "quoteQty": "6880.03",
    "time": 1725433693468,
    "isBuyerMaker": false,
    "isBestMatch": true
  },
  {
    "id": 123456961,
    "symbol": "BTCUSDT",
    "price": "40000.17",
    "quantity": "0.173",
    "quoteQty": "6920.03",
    "time": 1725433694468,
    "isBuyerMaker": false,
    "isBestMatch": true
  },
  {
    "id": 123456962,
    "symbol": "BTCUSDT",
    "price": "40000.17",
    "quantity": "0.174",
    "quoteQty": "6960.03",
    "time": 1725433695468,
    "isBuyerMaker": true,
    "isBestMatch": true
  },
  {
    "id": 123456963,
    "symbol": "BTCUSDT",
    "price": "40000.17",
    "quantity": "0.175",
    "quoteQty": "7000.03",
    "time": 1725433696468,
    "isBuyerMaker": true,
    "isBestMatch": true
  },
  {
    "id": 123456964,
    "symbol": "BTCUSDT",
    "price": "40000.18",
    "quantity": "0.176",
    "quoteQty": "7040.03",
    "time": 1725433697468,
    "isBuyerMaker": true,
    "isBestMatch": true
  },
  {
    "id": 123456965,
    "symbol": "BTCUSDT",
    "price": "40000.18",
    "quantity": "0.177",
    "quoteQty": "7080.03",
    "time": 1725433698468,
    "isBuyerMaker": true,
    "isBestMatch": true
  },
  {
    "id": 123456966,
    "symbol": "BTCUSDT",
    "price": "40000.18",
    "quantity": "0.178",
    "quoteQty": "7120.03",
    "time": 1725433699468,
    "isBuyerMaker": false,
    "isBestMatch": true
  },
  {
    "id": 123456967,
    "symbol": "BTCUSDT",
    "price": "40000.18",
    "quantity": "0.179",
    "quoteQty": "7160.03",
    "time": 1725433700468,
    "isBuyerMaker": true,
    "isBestMatch": true
  },
  {
    "id": 123456968,
    "symbol": "BTCUSDT",
    "price": "40000.18",
    "quantity": "0.180",
    "quoteQty": "7200.03",
    "time": 1725433701468,
    "isBuyerMaker": true,
    "isBestMatch": true
  },
  {
    "id": 123456969,
    "symbol": "BTCUSDT",
    "price": "40000.18",
    "quantity": "0.181",
    "quoteQty": "7240.03",
    "time": 1725433702468,
    "isBuyerMaker": true,
    "isBestMatch": true
  },
  {
    "id": 123456970,
    "symbol": "BTCUSDT",
    "price": "40000.18",
    "quantity": "0.182",
    "quoteQty": "7280.03",
    "time": 1725433703468,
    "isBuyerMaker": true,
    "isBestMatch": true
  },
  {
    "id": 123456971,
    "symbol": "BTCUSDT",
    "price": "40000.18",
    "quantity": "0.183",
    "quoteQty": "7320.03",
    "time": 1725433704468,
    "isBuyerMaker": false,
    "isBestMatch": true
  },
  {
    "id": 123456972,
    "symbol": "BTCUSDT",
    "price": "40000.18",
    "quantity": "0.184",
    "quoteQty": "7360.03",
    "time": 1725433705468,
    "isBuyerMaker": true,
    "isBestMatch": true
  },
  {
    "id": 123456973,
    "symbol": "BTCUSDT",
    "price": "40000.18",
    "quantity": "0.185",
    "quoteQty": "7400.03",
    "time": 1725433706468,
    "isBuyerMaker": false,
    "isBestMatch": true
  },
  {
    "id": 123456974,
    "symbol": "BTCUSDT",
    "price": "40000.18",
    "quantity": "0.186",
    "quoteQty": "7440.03",
    "time": 1725433707468,
    "isBuyerMaker": false,
    "isBestMatch": true
  },
  {
    "id": 123456975,
    "symbol": "BTCUSDT",
    "price": "40000.19",
    "quantity": "0.187",
    "quoteQty": "7480.04",
    "time": 1725433708468,
    "isBuyerMaker": false,
    "isBestMatch": true
  },
  {
    "id": 123456976,
    "symbol": "BTCUSDT",
    "price": "40000.19",
    "quantity": "0.188",
    "quoteQty": "7520.04",
    "time": 1725433709468,
    "isBuyerMaker": false,
    "isBestMatch": true
  },
  {
    "id": 123456977,
    "symbol": "BTCUSDT",
    "price": "40000.19",
    "quantity": "0.189",
    "quoteQty": "7560.04",
    "time": 1725433710468,
    "isBuyerMaker": false,
    "isBestMatch": true
  },
  {
    "id": 123456978,
    "symbol": "BTCUSDT",
    "price": "40000.19",
    "quantity": "0.190",
    "quoteQty": "7600.04",
    "time": 1725433711468,
    "isBuyerMaker": true,
    "isBestMatch": true
  },
  {
    "id": 123456979,
    "symbol": "BTCUSDT",
    "price": "40000.19",
    "quantity": "0.191",
    "quoteQty": "7640.04",
    "time": 1725433712468,
    "isBuyerMaker": false,
    "isBestMatch": true
  },
  {
    "id": 123456980,
    "symbol": "BTCUSDT",
    "price": "40000.19",
    "quantity": "0.192",
    "quoteQty": "7680.04",
    "time": 1725433713468,
    "isBuyerMaker": true,
    "isBestMatch": true
  },
  {
    "id": 123456981,
    "symbol": "BTCUSDT",
    "price": "40000.19",
    "quantity": "0.193",
    "quoteQty": "7720.04",
    "time": 1725433714468,
    "isBuyerMaker": false,
    "isBestMatch": true
  },
  {
    "id": 123456982,
    "symbol": "BTCUSDT",
    "price": "40000.19",
    "quantity": "0.194",
    "quoteQty": "7760.04",
    "time": 1725433715468,
    "isBuyerMaker": false,
    "isBestMatch": true
  },
  {
    "id": 123456983,
    "symbol": "BTCUSDT",
    "price": "40000.19",
    "quantity": "0.195",
    "quoteQty": "7800.04",
    "time": 1725433716468,
    "isBuyerMaker": false,
    "isBestMatch": true
  },
  {
    "id": 123456984,
    "symbol": "BTCUSDT",
    "price": "40000.19",
    "quantity": "0.196",
    "quoteQty": "7840.04",
    "time": 1725433717468,
    "isBuyerMaker": false,
    "isBestMatch": true
  },
  {
    "id": 123456985,
    "symbol": "BTCUSDT",
    "price": "40000.20",
    "quantity": "0.197",
    "quoteQty": "7880.04",
    "time": 1725433718468,
    "isBuyerMaker": true,
    "isBestMatch": true
  },
  {
    "id": 123456986,
    "symbol": "BTCUSDT",
    "price": "40000.20",
    "quantity": "0.198",
    "quoteQty": "7920.04",
    "time": 1725433719468,
    "isBuyerMaker": true,
    "isBestMatch": true
  },
  {
    "id": 123456987,
    "symbol": "BTCUSDT",
    "price": "40000.20",
    "quantity": "0.199",
    "quoteQty": "7960.04",
    "time": 1725433720468,
    "isBuyerMaker": true,
    "isBestMatch": true
  },
  {
    "id": 123456988,
    "symbol": "BTCUSDT",
    "price": "40000.20",
    "quantity": "0.200",
    "quoteQty": "8000.04",
    "time": 1725433721468,
    "isBuyerMaker": true,
    "isBestMatch": true
  },
  {
    "id": 123456989,
    "symbol": "BTCUSDT",
    "price": "40000.20",
    "quantity": "0.201",
    "quoteQty": "8040.04",
    "time": 1725433722468,
    "isBuyerMaker": true,
    "isBestMatch": true
  },
  {
    "id": 123456990,
    "symbol": "BTCUSDT",
    "price": "40000.20",
    "quantity": "0.202",
    "quoteQty": "8080.04",
    "time": 1725433723468,
    "isBuyerMaker": false,
    "isBestMatch": true
  },
  {
    "id": 123456991,
    "symbol": "BTCUSDT",
    "price": "40000.20",
    "quantity": "0.203",
    "quoteQty": "8120.04",
    "time": 1725433724468,
    "isBuyerMaker": false,
    "isBestMatch": true
  },
  {
    "id": 123456992,
    "symbol": "BTCUSDT",
    "price": "40000.20",
    "quantity": "0.204",
    "quoteQty": "8160.04",
    "time": 1725433725468,
    "isBuyerMaker": false,
    "isBestMatch": true
  },
  {
    "id": 123456993,
    "symbol": "BTCUSDT",
    "price": "40000.20",
    "quantity": "0.205",
    "quoteQty": "8200.04",
    "time": 1725433726468,
    "isBuyerMaker": true,
    "isBestMatch": true
  },
  {
    "id": 123456994,
    "symbol": "BTCUSDT",
    "price": "40000.21",
    "quantity": "0.206",
    "quoteQty": "8240.04",
    "time": 1725433727468,
    "isBuyerMaker": false,
    "isBestMatch": true
  },
  {
    "id": 123456995,
    "symbol": "BTCUSDT",
    "price": "40000.21",
    "quantity": "0.207",
    "quoteQty": "8280.04",
    "time": 1725433728468,
    "isBuyerMaker": false,
    "isBestMatch": true
  },
  {
    "id": 123456996,
    "symbol": "BTCUSDT",
    "price": "40000.21",
    "quantity": "0.208",
    "quoteQty": "8320.04",
    "time": 1725433729468,
    "isBuyerMaker": false,
    "isBestMatch": true
  },
  {
    "id": 123456997,
    "symbol": "BTCUSDT",
    "price": "40000.21",
    "quantity": "0.209",
    "quoteQty": "8360.04",
    "time": 1725433730468,
    "isBuyerMaker": false,
    "isBestMatch": true
  },
  {
    "id": 123456998,
    "symbol": "BTCUSDT",
    "price": "40000.21",
    "quantity": "0.210",
    "quoteQty": "8400.04",
    "time": 1725433731468,
    "isBuyerMaker": true,
    "isBestMatch": true
  },
  {
    "id": 123456999,
    "symbol": "BTCUSDT",
    "price": "40000.21",
    "quantity": "0.211",
    "quoteQty": "8440.04",
    "time": 1725433732468,
    "isBuyerMaker": true,
    "isBestMatch": true
  },
  {
    "id": 123457000,
    "symbol": "BTCUSDT",
    "price": "40000.21",
    "quantity": "0.212",
    "quoteQty": "8480.04",
    "time": 1725433733468,
    "isBuyerMaker": false,
    "isBestMatch": true
  },
  {
    "id": 123457001,
    "symbol": "BTCUSDT",
    "price": "40000.21",
    "quantity": "0.213",
    "quoteQty": "8520.04",
    "time": 1725433734468,
    "isBuyerMaker": false,
    "isBestMatch": true
  },
  {
    "id": 123457002,
    "symbol": "BTCUSDT",
    "price": "40000.21",
    "quantity": "0.214",
    "quoteQty": "8560.04",
    "time": 1725433735468,
    "isBuyerMaker": true,
    "isBestMatch": true
  },
  {
    "id": 123457003,
    "symbol": "BTCUSDT",
    "price": "40000.21",
    "quantity": "0.215",
    "quoteQty": "8600.05",
    "time": 1725433736468,
    "isBuyerMaker": false,
    "isBestMatch": true
  },
  {
    "id": 123457004,
    "symbol": "BTCUSDT",
    "price": "40000.21",
    "quantity": "0.216",
    "quoteQty": "8640.05",
    "time": 1725433737468,
    "isBuyerMaker": true,
    "isBestMatch": true
  },
  {
    "id": 123457005,
    "symbol": "BTCUSDT",
    "price": "40000.22",
    "quantity": "0.217",
    "quoteQty": "8680.05",
    "time": 1725433738468,
    "isBuyerMaker": true,
    "isBestMatch": true
  },
  {
    "id": 123457006,
    "symbol": "BTCUSDT",
    "price": "40000.22",
    "quantity": "0.218",
    "quoteQty": "8720.05",
    "time": 1725433739468,
    "isBuyerMaker": false,
    "isBestMatch": true
  },
  {
    "id": 123457007,
    "symbol": "BTCUSDT",
    "price": "40000.22",
    "quantity": "0.219",
    "quoteQty": "8760.05",
    "time": 1725433740468,
    "isBuyerMaker": false,
    "isBestMatch": true
  },
  {
    "id": 123457008,
    "symbol": "BTCUSDT",
    "price": "40000.22",
    "quantity": "0.220",
    "quoteQty": "8800.05",
    "time": 1725433741468,
    "isBuyerMaker": true,
    "isBestMatch": true
  },
  {
    "id": 123457009,
    "symbol": "BTCUSDT",
    "price": "40000.22",
    "quantity": "0.221",
    "quoteQty": "8840.05",
    "time": 1725433742468,
    "isBuyerMaker": false,
    "isBestMatch": true
  },
  {
    "id": 123457010,
    "symbol": "BTCUSDT",
    "price": "40000.22",
    "quantity": "0.222",
    "quoteQty": "8880.05",
    "time": 1725433743468,
    "isBuyerMaker": true,
    "isBestMatch": true
  },
  {
    "id": 123457011,
    "symbol": "BTCUSDT",
    "price": "40000.22",
    "quantity": "0.223",
    "quoteQty": "8920.05",
    "time": 1725433744468,
    "isBuyerMaker": false,
    "isBestMatch": true
  },
  {
    "id": 123457012,
    "symbol": "BTCUSDT",
    "price": "40000.22",
    "quantity": "0.224",
    "quoteQty": "8960.05",
    "time": 1725433745468,
    "isBuyerMaker": false,
    "isBestMatch": true
  },
  {
    "id": 123457013,
    "symbol": "BTCUSDT",
    "price": "40000.22",
    "quantity": "0.225",
    "quoteQty": "9000.05",
    "time": 1725433746468,
    "isBuyerMaker": true,
    "isBestMatch": true
  },
  {
    "id": 123457014,
    "symbol": "BTCUSDT",
    "price": "40000.22",
    "quantity": "0.226",
    "quoteQty": "9040.05",
    "time": 1725433747468,
    "isBuyerMaker": true,
    "isBestMatch": true
  },
  {
    "id": 123457015,
    "symbol": "BTCUSDT",
    "price": "40000.23",
    "quantity": "0.227",
    "quoteQty": "9080.05",
    "time": 1725433748468,
    "isBuyerMaker": true,
    "isBestMatch": true
  },
  {
    "id": 123457016,
    "symbol": "BTCUSDT",
    "price": "40000.23",
    "quantity": "0.228",
    "quoteQty": "9120.05",
    "time": 1725433749468,
    "isBuyerMaker": true,
    "isBestMatch": true
  },
  {
    "id": 123457017,
    "symbol": "BTCUSDT",
    "price": "40000.23",
    "quantity": "0.229",
    "quoteQty": "9160.05",
    "time": 1725433750468,
    "isBuyerMaker": true,
    "isBestMatch": true
  },
  {
    "id": 123457018,
    "symbol": "BTCUSDT",
    "price": "40000.23",
    "quantity": "0.230",
    "quoteQty": "9200.05",
    "time": 1725433751468,
    "isBuyerMaker": false,
    "isBestMatch": true
  },
  {
    "id": 123457019,
    "symbol": "BTCUSDT",
    "price": "40000.23",
    "quantity": "0.231",
    "quoteQty": "9240.05",
    "time": 1725433752468,
    "isBuyerMaker": false,
    "isBestMatch": true
  },
  {
    "id": 123457020,
    "symbol": "BTCUSDT",
    "price": "40000.23",
    "quantity": "0.232",
    "quoteQty": "9280.05",
    "time": 1725433753468,
    "isBuyerMaker": false,
    "isBestMatch": true
  },
  {
    "id": 123457021,
    "symbol": "BTCUSDT",
    "price": "40000.23",
    "quantity": "0.233",
    "quoteQty": "9320.05",
    "time": 1725433754468,
    "isBuyerMaker": false,
    "isBestMatch": true
  },
  {
    "id": 123457022,
    "symbol": "BTCUSDT",
    "price": "40000.23",
    "quantity": "0.234",
    "quoteQty": "9360.05",
    "time": 1725433755468,
    "isBuyerMaker": false,
    "isBestMatch": true
  },
  {
    "id": 123457023,
    "symbol": "BTCUSDT",
    "price": "40000.23",
    "quantity": "0.235",
    "quoteQty": "9400.05",
    "time": 1725433756468,
    "isBuyerMaker": true,
    "isBestMatch": true
  },
  {
    "id": 123457024,
    "symbol": "BTCUSDT",
    "price": "40000.24",
    "quantity": "0.236",
    "quoteQty": "9440.06",
    "time": 1725433757468,
    "isBuyerMaker": true,
    "isBestMatch": true
  },
  {
    "id": 123457025,
    "symbol": "BTCUSDT",
    "price": "40000.24",
    "quantity": "0.237",
    "quoteQty": "9480.06",
    "time": 1725433758468,
    "isBuyerMaker": false,
    "isBestMatch": true
  },
  {
    "id": 123457026,
    "symbol": "BTCUSDT",
    "price": "40000.24",
    "quantity": "0.238",
    "quoteQty": "9520.06",
    "time": 1725433759468,
    "isBuyerMaker": false,
    "isBestMatch": true
  },
  {
    "id": 123457027,
    "symbol": "BTCUSDT",
    "price": "40000.24",
    "quantity": "0.239",
    "quoteQty": "9560.06",
    "time": 1725433760468,
    "isBuyerMaker": true,
    "isBestMatch": true
  },
  {
    "id": 123457028,
    "symbol": "BTCUSDT",
    "price": "40000.24",
    "quantity": "0.240",
    "quoteQty": "9600.06",
    "time": 1725433761468,
    "isBuyerMaker": false,
    "isBestMatch": true
  },
  {
    "id": 123457029,
    "symbol": "BTCUSDT",
    "price": "40000.24",
    "quantity": "0.241",
    "quoteQty": "9640.06",
    "time": 1725433762468,
    "isBuyerMaker": false,
    "isBestMatch": true
  },
  {
    "id": 123457030,
    "symbol": "BTCUSDT",
    "price": "40000.24",
    "quantity": "0.242",
    "quoteQty": "9680.06",
    "time": 1725433763468,
    "isBuyerMaker": true,
    "isBestMatch": true
  },
  {
    "id": 123457031,
    "symbol": "BTCUSDT",
    "price": "40000.24",
    "quantity": "0.243",
    "quoteQty": "9720.06",
    "time": 1725433764468,
    "isBuyerMaker": false,
    "isBestMatch": true
  },
  {
    "id": 123457032,
    "symbol": "BTCUSDT",
    "price": "40000.24",
    "quantity": "0.244",
    "quoteQty": "9760.06",
    "time": 1725433765468,
    "isBuyerMaker": true,
    "isBestMatch": true
  },
  {
    "id": 123457033,
    "symbol": "BTCUSDT",
    "price": "40000.24",
    "quantity": "0.245",
    "quoteQty": "9800.06",
    "time": 1725433766468,
    "isBuyerMaker": true,
    "isBestMatch": true
  },
  {
    "id": 123457034,
    "symbol": "BTCUSDT",
    "price": "40000.25",
    "quantity": "0.246",
    "quoteQty": "9840.06",
    "time": 1725433767468,
    "isBuyerMaker": false,
    "isBestMatch": true
  },
  {
    "id": 123457035,
    "symbol": "BTCUSDT",
    "price": "40000.25",
    "quantity": "0.247",
    "quoteQty": "9880.06",
    "time": 1725433768468,
    "isBuyerMaker": false,
    "isBestMatch": true
  },
  {
    "id": 123457036,
    "symbol": "BTCUSDT",
    "price": "40000.25",
    "quantity": "0.248",
    "quoteQty": "9920.06",
    "time": 1725433769468,
    "isBuyerMaker": false,
    "isBestMatch": true
  },
  {
    "id": 123457037,
    "symbol": "BTCUSDT",
    "price": "40000.25",
    "quantity": "0.249",
    "quoteQty": "9960.06",
    "time": 1725433770468,
    "isBuyerMaker": true,
    "isBestMatch": true
  },
  {
    "id": 123457038,
    "symbol": "BTCUSDT",
    "price": "40000.25",
    "quantity": "0.250",
    "quoteQty": "10000.06",
    "time": 1725433771468,
    "isBuyerMaker": false,
    "isBestMatch": true
  },
  {
    "id": 123457039,
    "symbol": "BTCUSDT",
    "price": "40000.25",
    "quantity": "0.251",
    "quoteQty": "10040.06",
    "time": 1725433772468,
    "isBuyerMaker": false,
    "isBestMatch": true
  },
  {
    "id": 123457040,
    "symbol": "BTCUSDT",
    "price": "40000.25",
    "quantity": "0.252",
    "quoteQty": "10080.06",
    "time": 1725433773468,
    "isBuyerMaker": true,
    "isBestMatch": true
  },
  {
    "id": 123457041,
    "symbol": "BTCUSDT",
    "price": "40000.25",
    "quantity": "0.253",
    "quoteQty": "10120.06",
    "time": 1725433774468,
    "isBuyerMaker": true,
    "isBestMatch": true
  },
  {
    "id": 123457042,
    "symbol": "BTCUSDT",
    "price": "40000.25",
    "quantity": "0.254",
    "quoteQty": "10160.06",
    "time": 1725433775468,
    "isBuyerMaker": false,
    "isBestMatch": true
  },
  {
    "id": 123457043,
    "symbol": "BTCUSDT",
    "price": "40000.25",
    "quantity": "0.255",
    "quoteQty": "10200.06",
    "time": 1725433776468,
    "isBuyerMaker": true,
    "isBestMatch": true
  },
  {
    "id": 123457044,
    "symbol": "BTCUSDT",
    "price": "40000.25",
    "quantity": "0.256",
    "quoteQty": "10240.06",
    "time": 1725433777468,
    "isBuyerMaker": false,
    "isBestMatch": true
  },
  {
    "id": 123457045,
    "symbol": "BTCUSDT",
    "price": "40000.26",
    "quantity": "0.257",
    "quoteQty": "10280.07",
    "time": 1725433778468,
    "isBuyerMaker": false,
    "isBestMatch": true
  },
  {
    "id": 123457046,
    "symbol": "BTCUSDT",
    "price": "40000.26",
    "quantity": "0.258",
    "quoteQty": "10320.07",
    "time": 1725433779468,
    "isBuyerMaker": true,
    "isBestMatch": true
  },
  {
    "id": 123457047,
    "symbol": "BTCUSDT",
    "price": "40000.26",
    "quantity": "0.259",
    "quoteQty": "10360.07",
    "time": 1725433780468,
    "isBuyerMaker": true,
    "isBestMatch": true
  },
  {
    "id": 123457048,
    "symbol": "BTCUSDT",
    "price": "40000.26",
    "quantity": "0.260",
    "quoteQty": "10400.07",
    "time": 1725433781468,
    "isBuyerMaker": true,
    "isBestMatch": true
  },
  {
    "id": 123457049,
    "symbol": "BTCUSDT",
    "price": "40000.26",
    "quantity": "0.261",
    "quoteQty": "10440.07",
    "time": 1725433782468,
    "isBuyerMaker": true,
    "isBestMatch": true
  },
  {
    "id": 123457050,
    "symbol": "BTCUSDT",
    "price": "40000.26",
    "quantity": "0.262",
    "quoteQty": "10480.07",
    "time": 1725433783468,
    "isBuyerMaker": true,
    "isBestMatch": true
  },
  {
    "id": 123457051,
    "symbol": "BTCUSDT",
    "price": "40000.26",
    "quantity": "0.263",
    "quoteQty": "10520.07",
    "time": 1725433784468,
    "isBuyerMaker": true,
    "isBestMatch": true
  },
  {
    "id": 123457052,
    "symbol": "BTCUSDT",
    "price": "40000.26",
    "quantity": "0.264",
    "quoteQty": "10560.07",
    "time": 1725433785468,
    "isBuyerMaker": false,
    "isBestMatch": true
  },
  {
    "id": 123457053,
    "symbol": "BTCUSDT",
    "price": "40000.26",
    "quantity": "0.265",
    "quoteQty": "10600.07",
    "time": 1725433786468,
    "isBuyerMaker": true,
    "isBestMatch": true
  },
  {
    "id": 123457054,
    "symbol": "BTCUSDT",
    "price": "40000.26",
    "quantity": "0.266",
    "quoteQty": "10640.07",
    "time": 1725433787468,
    "isBuyerMaker": true,
    "isBestMatch": true
  },
  {
    "id": 123457055,
    "symbol": "BTCUSDT",
    "price": "40000.27",
    "quantity": "0.267",
    "quoteQty": "10680.07",
    "time": 1725433788468,
    "isBuyerMaker": true,
    "isBestMatch": true
  },
  {
    "id": 123457056,
    "symbol": "BTCUSDT",
    "price": "40000.27",
    "quantity": "0.268",
    "quoteQty": "10720.07",
    "time": 1725433789468,
    "isBuyerMaker": false,
    "isBestMatch": true
  },
  {
    "id": 123457057,
    "symbol": "BTCUSDT",
    "price": "40000.27",
    "quantity": "0.269",
    "quoteQty": "10760.07",
    "time": 1725433790468,
    "isBuyerMaker": true,
    "isBestMatch": true
  },
  {
    "id": 123457058,
    "symbol": "BTCUSDT",
    "price": "40000.27",
    "quantity": "0.270",
    "quoteQty": "10800.07",
    "time": 1725433791468,
    "isBuyerMaker": true,
    "isBestMatch": true
  },
  {
    "id": 123457059,
    "symbol": "BTCUSDT",
    "price": "40000.27",
    "quantity": "0.271",
    "quoteQty": "10840.07",
    "time": 1725433792468,
    "isBuyerMaker": true,
    "isBestMatch": true
  },
  {
    "id": 123457060,
    "symbol": "BTCUSDT",
    "price": "40000.27",
    "quantity": "0.272",
    "quoteQty": "10880.07",
    "time": 1725433793468,
    "isBuyerMaker": false,
    "isBestMatch": true
  },
  {
    "id": 123457061,
    "symbol": "BTCUSDT",
    "price": "40000.27",
    "quantity": "0.273",
    "quoteQty": "10920.07",
    "time": 1725433794468,
    "isBuyerMaker": false,
    "isBestMatch": true
  },
  {
    "id": 123457062,
    "symbol": "BTCUSDT",
    "price": "40000.27",
    "quantity": "0.274",
    "quoteQty": "10960.07",
    "time": 1725433795468,
    "isBuyerMaker": true,
    "isBestMatch": true
  },
  {
    "id": 123457063,
    "symbol": "BTCUSDT",
    "price": "40000.27",
    "quantity": "0.275",
    "quoteQty": "11000.07",
    "time": 1725433796468,
    "isBuyerMaker": false,
    "isBestMatch": true
  },
  {
    "id": 123457064,
    "symbol": "BTCUSDT",
    "price": "40000.28",
    "quantity": "0.276",
    "quoteQty": "11040.08",
    "time": 1725433797468,
    "isBuyerMaker": false,
    "isBestMatch": true
  },
  {
    "id": 123457065,
    "symbol": "BTCUSDT",
    "price": "40000.28",
    "quantity": "0.277",
    "quoteQty": "11080.08",
    "time": 1725433798468,
    "isBuyerMaker": true,
    "isBestMatch": true
  },
  {
    "id": 123457066,
    "symbol": "BTCUSDT",
    "price": "40000.28",
    "quantity": "0.278",
    "quoteQty": "11120.08",
    "time": 1725433799468,
    "isBuyerMaker": true,
    "isBestMatch": true
  },
  {
    "id": 123457067,
    "symbol": "BTCUSDT",
    "price": "40000.28",
    "quantity": "0.279",
    "quoteQty": "11160.08",
    "time": 1725433800468,
    "isBuyerMaker": true,
    "isBestMatch": true
  },
  {
    "id": 123457068,
    "symbol": "BTCUSDT",
    "price": "40000.28",
    "quantity": "0.280",
    "quoteQty": "11200.08",
    "time": 1725433801468,
    "isBuyerMaker": false,
    "isBestMatch": true
  },
  {
    "id": 123457069,
    "symbol": "BTCUSDT",
    "price": "40000.28",
    "quantity": "0.281",
    "quoteQty": "11240.08",
    "time": 1725433802468,
    "isBuyerMaker": false,
    "isBestMatch": true
  },
  {
    "id": 123457070,
    "symbol": "BTCUSDT",
    "price": "40000.28",
    "quantity": "0.282",
    "quoteQty": "11280.08",
    "time": 1725433803468,
    "isBuyerMaker": false,
    "isBestMatch": true
  },
  {
    "id": 123457071,
    "symbol": "BTCUSDT",
    "price": "40000.28",
    "quantity": "0.283",
    "quoteQty": "11320.08",
    "time": 1725433804468,
    "isBuyerMaker": false,
    "isBestMatch": true
  },
  {
    "id": 123457072,
    "symbol": "BTCUSDT",
    "price": "40000.28",
    "quantity": "0.284",
    "quoteQty": "11360.08",
    "time": 1725433805468,
    "isBuyerMaker": false,
    "isBestMatch": true
  },
  {
    "id": 123457073,
    "symbol": "BTCUSDT",
    "price": "40000.28",
    "quantity": "0.285",
    "quoteQty": "11400.08",
    "time": 1725433806468,
    "isBuyerMaker": true,
    "isBestMatch": true
  },
  {
    "id": 123457074,
    "symbol": "BTCUSDT",
    "price": "40000.29",
    "quantity": "0.286",
    "quoteQty": "11440.08",
    "time": 1725433807468,
    "isBuyerMaker": false,
    "isBestMatch": true
  },
  {
    "id": 123457075,
    "symbol": "BTCUSDT",
    "price": "40000.29",
    "quantity": "0.287",
    "quoteQty": "11480.08",
    "time": 1725433808468,
    "isBuyerMaker": false,
    "isBestMatch": true
  },
  {
    "id": 123457076,
    "symbol": "BTCUSDT",
    "price": "40000.29",
    "quantity": "0.288",
    "quoteQty": "11520.08",
    "time": 1725433809468,
    "isBuyerMaker": false,
    "isBestMatch": true
  },
  {
    "id": 123457077,
    "symbol": "BTCUSDT",
    "price": "40000.29",
    "quantity": "0.289",
    "quoteQty": "11560.08",
    "time": 1725433810468,
    "isBuyerMaker": true,
    "isBestMatch": true
  },
  {
    "id": 123457078,
    "symbol": "BTCUSDT",
    "price": "40000.29",
    "quantity": "0.290",
    "quoteQty": "11600.08",
    "time": 1725433811468,
    "isBuyerMaker": false,
    "isBestMatch": true
  },
  {
    "id": 123457079,
    "symbol": "BTCUSDT",
    "price": "40000.29",
    "quantity": "0.291",
    "quoteQty": "11640.08",
    "time": 1725433812468,
    "isBuyerMaker": true,
    "isBestMatch": true
  },
  {
    "id": 123457080,
    "symbol": "BTCUSDT",
    "price": "40000.29",
    "quantity": "0.292",
    "quoteQty": "11680.08",
    "time": 1725433813468,
    "isBuyerMaker": false,
    "isBestMatch": true
  },
  {
    "id": 123457081,
    "symbol": "BTCUSDT",
    "price": "40000.29",
    "quantity": "0.293",
    "quoteQty": "11720.08",
    "time": 1725433814468,
    "isBuyerMaker": true,
    "isBestMatch": true
  },
  {
    "id": 123457082,
    "symbol": "BTCUSDT",
    "price": "40000.29",
    "quantity": "0.294",
    "quoteQty": "11760.09",
    "time": 1725433815468,
    "isBuyerMaker": true,
    "isBestMatch": true
  },
  {
    "id": 123457083,
    "symbol": "BTCUSDT",
    "price": "40000.29",
    "quantity": "0.295",
    "quoteQty": "11800.09",
    "time": 1725433816468,
    "isBuyerMaker": true,
    "isBestMatch": true
  },
  {
    "id": 123457084,
    "symbol": "BTCUSDT",
    "price": "40000.29",
    "quantity": "0.296",
    "quoteQty": "11840.09",
    "time": 1725433817468,
    "isBuyerMaker": true,
    "isBestMatch": true
  },
  {
    "id": 123457085,
    "symbol": "BTCUSDT",
    "price": "40000.30",
    "quantity": "0.297",
    "quoteQty": "11880.09",
    "time": 1725433818468,
    "isBuyerMaker": true,
    "isBestMatch": true
  },
  {
    "id": 123457086,
    "symbol": "BTCUSDT",
    "price": "40000.30",
    "quantity": "0.298",
    "quoteQty": "11920.09",
    "time": 1725433819468,
    "isBuyerMaker": false,
    "isBestMatch": true
  },
  {
    "id": 123457087,
    "symbol": "BTCUSDT",
    "price": "40000.30",
    "quantity": "0.299",
    "quoteQty": "11960.09",
    "time": 1725433820468,
    "isBuyerMaker": false,
    "isBestMatch": true
  },
  {
    "id": 123457088,
    "symbol": "BTCUSDT",
    "price": "40000.30",
    "quantity": "0.300",
    "quoteQty": "12000.09",
    "time": 1725433821468,
    "isBuyerMaker": false,
    "isBestMatch": true
  },
  {
    "id": 123457089,
    "symbol": "BTCUSDT",
    "price": "40000.30",
    "quantity": "0.301",
    "quoteQty": "12040.09",
    "time": 1725433822468,
    "isBuyerMaker": true,
    "isBestMatch": true
  },
  {
    "id": 123457090,
    "symbol": "BTCUSDT",
    "price": "40000.30",
    "quantity": "0.302",
    "quoteQty": "12080.09",
    "time": 1725433823468,
    "isBuyerMaker": false,
    "isBestMatch": true
  },
  {
    "id": 123457091,
    "symbol": "BTCUSDT",
    "price": "40000.30",
    "quantity": "0.303",
    "quoteQty": "12120.09",
    "time": 1725433824468,
    "isBuyerMaker": false,
    "isBestMatch": true
  },
  {
    "id": 123457092,
    "symbol": "BTCUSDT",
    "price": "40000.30",
    "quantity": "0.304",
    "quoteQty": "12160.09",
    "time": 1725433825468,
    "isBuyerMaker": true,
    "isBestMatch": true
  },
  {
    "id": 123457093,
    "symbol": "BTCUSDT",
    "price": "40000.30",
    "quantity": "0.305",
    "quoteQty": "12200.09",
    "time": 1725433826468,
    "isBuyerMaker": false,
    "isBestMatch": true
  },
  {
    "id": 123457094,
    "symbol": "BTCUSDT",
    "price": "40000.31",
    "quantity": "0.306",
    "quoteQty": "12240.09",
    "time": 1725433827468,
    "isBuyerMaker": false,
    "isBestMatch": true
  },
  {
    "id": 123457095,
    "symbol": "BTCUSDT",
    "price": "40000.31",
    "quantity": "0.307",
    "quoteQty": "12280.10",
    "time": 1725433828468,
    "isBuyerMaker": true,
    "isBestMatch": true
  },
  {
    "id": 123457096,
    "symbol": "BTCUSDT",
    "price": "40000.31",
    "quantity": "0.308",
    "quoteQty": "12320.10",
    "time": 1725433829468,
    "isBuyerMaker": true,
    "isBestMatch": true
  },
  {
    "id": 123457097,
    "symbol": "BTCUSDT",
    "price": "40000.31",
    "quantity": "0.309",
    "quoteQty": "12360.10",
    "time": 1725433830468,
    "isBuyerMaker": false,
    "isBestMatch": true
  },
  {
    "id": 123457098,
    "symbol": "BTCUSDT",
    "price": "40000.31",
    "quantity": "0.310",
    "quoteQty": "12400.10",
    "time": 1725433831468,
    "isBuyerMaker": true,
    "isBestMatch": true
  },
  {
    "id": 123457099,
    "symbol": "BTCUSDT",
    "price": "40000.31",
    "quantity": "0.311",
    "quoteQty": "12440.10",
    "time": 1725433832468,
    "isBuyerMaker": true,
    "isBestMatch": true
  },
  {
    "id": 123457100,
    "symbol": "BTCUSDT",
    "price": "40000.31",
    "quantity": "0.312",
    "quoteQty": "12480.10",
    "time": 1725433833468,
    "isBuyerMaker": true,
    "isBestMatch": true
  },
  {
    "id": 123457101,
    "symbol": "BTCUSDT",
    "price": "40000.31",
    "quantity": "0.313",
    "quoteQty": "12520.10",
    "time": 1725433834468,
    "isBuyerMaker": false,
    "isBestMatch": true
  },
  {
    "id": 123457102,
    "symbol": "BTCUSDT",
    "price": "40000.31",
    "quantity": "0.314",
    "quoteQty": "12560.10",
    "time": 1725433835468,
    "isBuyerMaker": true,
    "isBestMatch": true
  },
  {
    "id": 123457103,
    "symbol": "BTCUSDT",
    "price": "40000.31",
    "quantity": "0.315",
    "quoteQty": "12600.10",
    "time": 1725433836468,
    "isBuyerMaker": true,
    "isBestMatch": true
  },
  {
    "id": 123457104,
    "symbol": "BTCUSDT",
    "price": "40000.32",
    "quantity": "0.316",
    "quoteQty": "12640.10",
    "time": 1725433837468,
    "isBuyerMaker": true,
    "isBestMatch": true
  },
  {
    "id": 123457105,
    "symbol": "BTCUSDT",
    "price": "40000.32",
    "quantity": "0.317",
    "quoteQty": "12680.10",
    "time": 1725433838468,
    "isBuyerMaker": false,
    "isBestMatch": true
  },
  {
    "id": 123457106,
    "symbol": "BTCUSDT",
    "price": "40000.32",
    "quantity": "0.318",
    "quoteQty": "12720.10",
    "time": 1725433839468,
    "isBuyerMaker": true,
    "isBestMatch": true
  },
  {
    "id": 123457107,
    "symbol": "BTCUSDT",
    "price": "40000.32",
    "quantity": "0.319",
    "quoteQty": "12760.10",
    "time": 1725433840468,
    "isBuyerMaker": false,
    "isBestMatch": true
  },
  {
    "id": 123457108,
    "symbol": "BTCUSDT",
    "price": "40000.32",
    "quantity": "0.320",
    "quoteQty": "12800.10",
    "time": 1725433841468,
    "isBuyerMaker": false,
    "isBestMatch": true
  },
  {
    "id": 123457109,
    "symbol": "BTCUSDT",
    "price": "40000.32",
    "quantity": "0.321",
    "quoteQty": "12840.10",
    "time": 1725433842468,
    "isBuyerMaker": true,
    "isBestMatch": true
  },
  {
    "id": 123457110,
    "symbol": "BTCUSDT",
    "price": "40000.32",
    "quantity": "0.322",
    "quoteQty": "12880.10",
    "time": 1725433843468,
    "isBuyerMaker": true,
    "isBestMatch": true
  },
  {
    "id": 123457111,
    "symbol": "BTCUSDT",
    "price": "40000.32",
    "quantity": "0.323",
    "quoteQty": "12920.10",
    "time": 1725433844468,
    "isBuyerMaker": true,
    "isBestMatch": true
  },
  {
    "id": 123457112,
    "symbol": "BTCUSDT",
    "price": "40000.32",
    "quantity": "0.324",
    "quoteQty": "12960.10",
    "time": 1725433845468,
    "isBuyerMaker": false,
    "isBestMatch": true
  },
  {
    "id": 123457113,
    "symbol": "BTCUSDT",
    "price": "40000.32",
    "quantity": "0.325",
    "quoteQty": "13000.10",
    "time": 1725433846468,
    "isBuyerMaker": true,
    "isBestMatch": true
  },
  {
    "id": 123457114,
    "symbol": "BTCUSDT",
    "price": "40000.32",
    "quantity": "0.326",
    "quoteQty": "13040.10",
    "time": 1725433847468,
    "isBuyerMaker": false,
    "isBestMatch": true
  },
  {
    "id": 123457115,
    "symbol": "BTCUSDT",
    "price": "40000.33",
    "quantity": "0.327",
    "quoteQty": "13080.11",
    "time": 1725433848468,
    "isBuyerMaker": true,
    "isBestMatch": true
  },
  {
    "id": 123457116,
    "symbol": "BTCUSDT",
    "price": "40000.33",
    "quantity": "0.328",
    "quoteQty": "13120.11",
    "time": 1725433849468,
    "isBuyerMaker": false,
    "isBestMatch": true
  },
  {
    "id": 123457117,
    "symbol": "BTCUSDT",
    "price": "40000.33",
    "quantity": "0.329",
    "quoteQty": "13160.11",
    "time": 1725433850468,
    "isBuyerMaker": false,
    "isBestMatch": true
  },
  {
    "id": 123457118,
    "symbol": "BTCUSDT",
    "price": "40000.33",
    "quantity": "0.330",
    "quoteQty": "13200.11",
    "time": 1725433851468,
    "isBuyerMaker": false,
    "isBestMatch": true
  },
  {
    "id": 123457119,
    "symbol": "BTCUSDT",
    "price": "40000.33",
    "quantity": "0.331",
    "quoteQty": "13240.11",
    "time": 1725433852468,
    "isBuyerMaker": true,
    "isBestMatch": true
  },
  {
    "id": 123457120,
    "symbol": "BTCUSDT",
    "price": "40000.33",
    "quantity": "0.332",
    "quoteQty": "13280.11",
    "time": 1725433853468,
    "isBuyerMaker": true,
    "isBestMatch": true
  },
  {
    "id": 123457121,
    "symbol": "BTCUSDT",
    "price": "40000.33",
    "quantity": "0.333",
    "quoteQty": "13320.11",
    "time": 1725433854468,
    "isBuyerMaker": false,
    "isBestMatch": true
  },
  {
    "id": 123457122,
    "symbol": "BTCUSDT",
    "price": "40000.33",
    "quantity": "0.334",
    "quoteQty": "13360.11",
    "time": 1725433855468,
    "isBuyerMaker": false,
    "isBestMatch": true
  },
  {
    "id": 123457123,
    "symbol": "BTCUSDT",
    "price": "40000.33",
    "quantity": "0.335",
    "quoteQty": "13400.11",
    "time": 1725433856468,
    "isBuyerMaker": false,
    "isBestMatch": true
  },
  {
    "id": 123457124,
    "symbol": "BTCUSDT",
    "price": "40000.33",
    "quantity": "0.336",
    "quoteQty": "13440.11",
    "time": 1725433857468,
    "isBuyerMaker": true,
    "isBestMatch": true
  },
  {
    "id": 123457125,
    "symbol": "BTCUSDT",
    "price": "40000.34",
    "quantity": "0.337",
    "quoteQty": "13480.11",
    "time": 1725433858468,
    "isBuyerMaker": false,
    "isBestMatch": true
  },
  {
    "id": 123457126,
    "symbol": "BTCUSDT",
    "price": "40000.34",
    "quantity": "0.338",
    "quoteQty": "13520.11",
    "time": 1725433859468,
    "isBuyerMaker": true,
    "isBestMatch": true
  },
  {
    "id": 123457127,
    "symbol": "BTCUSDT",
    "price": "40000.34",
    "quantity": "0.339",
    "quoteQty": "13560.12",
    "time": 1725433860468,
    "isBuyerMaker": true,
    "isBestMatch": true
  },
  {
    "id": 123457128,
    "symbol": "BTCUSDT",
    "price": "40000.34",
    "quantity": "0.340",
    "quoteQty": "13600.12",
    "time": 1725433861468,
    "isBuyerMaker": true,
    "isBestMatch": true
  },
  {
    "id": 123457129,
    "symbol": "BTCUSDT",
    "price": "40000.34",
    "quantity": "0.341",
    "quoteQty": "13640.12",
    "time": 1725433862468,
    "isBuyerMaker": true,
    "isBestMatch": true
  },
  {
    "id": 123457130,
    "symbol": "BTCUSDT",
    "price": "40000.34",
    "quantity": "0.342",
    "quoteQty": "13680.12",
    "time": 1725433863468,
    "isBuyerMaker": true,
    "isBestMatch": true
  },
  {
    "id": 123457131,
    "symbol": "BTCUSDT",
    "price": "40000.34",
    "quantity": "0.343",
    "quoteQty": "13720.12",
    "time": 1725433864468,
    "isBuyerMaker": true,
    "isBestMatch": true
  },
  {
    "id": 123457132,
    "symbol": "BTCUSDT",
    "price": "40000.34",
    "quantity": "0.344",
    "quoteQty": "13760.12",
    "time": 1725433865468,
    "isBuyerMaker": false,
    "isBestMatch": true
  },
  {
    "id": 123457133,
    "symbol": "BTCUSDT",
    "price": "40000.34",
    "quantity": "0.345",
    "quoteQty": "13800.12",
    "time": 1725433866468,
    "isBuyerMaker": true,
    "isBestMatch": true
  },
  {
    "id": 123457134,
    "symbol": "BTCUSDT",
    "price": "40000.35",
    "quantity": "0.346",
    "quoteQty": "13840.12",
    "time": 1725433867468,
    "isBuyerMaker": true,
    "isBestMatch": true
  },
  {
    "id": 123457135,
    "symbol": "BTCUSDT",
    "price": "40000.35",
    "quantity": "0.347",
    "quoteQty": "13880.12",
    "time": 1725433868468,
    "isBuyerMaker": false,
    "isBestMatch": true
  },
  {
    "id": 123457136,
    "symbol": "BTCUSDT",
    "price": "40000.35",
    "quantity": "0.348",
    "quoteQty": "13920.12",
    "time": 1725433869468,
    "isBuyerMaker": false,
    "isBestMatch": true
  },
  {
    "id": 123457137,
    "symbol": "BTCUSDT",
    "price": "40000.35",
    "quantity": "0.349",
    "quoteQty": "13960.12",
    "time": 1725433870468,
    "isBuyerMaker": false,
    "isBestMatch": true
  },
  {
    "id": 123457138,
    "symbol": "BTCUSDT",
    "price": "40000.35",
    "quantity": "0.350",
    "quoteQty": "14000.12",
    "time": 1725433871468,
    "isBuyerMaker": true,
    "isBestMatch": true
  },
  {
    "id": 123457139,
    "symbol": "BTCUSDT",
    "price": "40000.35",
    "quantity": "0.351",
    "quoteQty": "14040.12",
    "time": 1725433872468,
    "isBuyerMaker": false,
    "isBestMatch": true
  },
  {
    "id": 123457140,
    "symbol": "BTCUSDT",
    "price": "40000.35",
    "quantity": "0.352",
    "quoteQty": "14080.12",
    "time": 1725433873468,
    "isBuyerMaker": true,
    "isBestMatch": true
  },
  {
    "id": 123457141,
    "symbol": "BTCUSDT",
    "price": "40000.35",
    "quantity": "0.353",
    "quoteQty": "14120.12",
    "time": 1725433874468,
    "isBuyerMaker": false,
    "isBestMatch": true
  },
  {
    "id": 123457142,
    "symbol": "BTCUSDT",
    "price": "40000.35",
    "quantity": "0.354",
    "quoteQty": "14160.12",
    "time": 1725433875468,
    "isBuyerMaker": false,
    "isBestMatch": true
  },
  {
    "id": 123457143,
    "symbol": "BTCUSDT",
    "price": "40000.35",
    "quantity": "0.355",
    "quoteQty": "14200.12",
    "time": 1725433876468,
    "isBuyerMaker": false,
    "isBestMatch": true
  },
  {
    "id": 123457144,
    "symbol": "BTCUSDT",
    "price": "40000.36",
    "quantity": "0.356",
    "quoteQty": "14240.13",
    "time": 1725433877468,
    "isBuyerMaker": false,
    "isBestMatch": true
  },
  {
    "id": 123457145,
    "symbol": "BTCUSDT",
    "price": "40000.36",
    "quantity": "0.357",
    "quoteQty": "14280.13",
    "time": 1725433878468,
    "isBuyerMaker": true,
    "isBestMatch": true
  },
  {
    "id": 123457146,
    "symbol": "BTCUSDT",
    "price": "40000.36",
    "quantity": "0.358",
    "quoteQty": "14320.13",
    "time": 1725433879468,
    "isBuyerMaker": true,
    "isBestMatch": true
  },
  {
    "id": 123457147,
    "symbol": "BTCUSDT",
    "price": "40000.36",
    "quantity": "0.359",
    "quoteQty": "14360.13",
    "time": 1725433880468,
    "isBuyerMaker": false,
    "isBestMatch": true
  },
  {
    "id": 123457148,
    "symbol": "BTCUSDT",
    "price": "40000.36",
    "quantity": "0.360",
    "quoteQty": "14400.13",
    "time": 1725433881468,
    "isBuyerMaker": true,
    "isBestMatch": true
  },
  {
    "id": 123457149,
    "symbol": "BTCUSDT",
    "price": "40000.36",
    "quantity": "0.361",
    "quoteQty": "14440.13",
    "time": 1725433882468,
    "isBuyerMaker": true,
    "isBestMatch": true
  },
  {
    "id": 123457150,
    "symbol": "BTCUSDT",
    "price": "40000.36",
    "quantity": "0.362",
    "quoteQty": "14480.13",
    "time": 1725433883468,
    "isBuyerMaker": false,
    "isBestMatch": true
  },
  {
    "id": 123457151,
    "symbol": "BTCUSDT",
    "price": "40000.36",
    "quantity": "0.363",
    "quoteQty": "14520.13",
    "time": 1725433884468,
    "isBuyerMaker": true,
    "isBestMatch": true
  },
  {
    "id": 123457152,
    "symbol": "BTCUSDT",
    "price": "40000.36",
    "quantity": "0.364",
    "quoteQty": "14560.13",
    "time": 1725433885468,
    "isBuyerMaker": false,
    "isBestMatch": true
  },
  {
    "id": 123457153,
    "symbol": "BTCUSDT",
    "price": "40000.36",
    "quantity": "0.365",
    "quoteQty": "14600.13",
    "time": 1725433886468,
    "isBuyerMaker": true,
    "isBestMatch": true
  },
  {
    "id": 123457154,
    "symbol": "BTCUSDT",
    "price": "40000.36",
    "quantity": "0.366",
    "quoteQty": "14640.13",
    "time": 1725433887468,
    "isBuyerMaker": false,
    "isBestMatch": true
  },
  {
    "id": 123457155,
    "symbol": "BTCUSDT",
    "price": "40000.37",
    "quantity": "0.367",
    "quoteQty": "14680.14",
    "time": 1725433888468,
    "isBuyerMaker": false,
    "isBestMatch": true
  },
  {
    "id": 123457156,
    "symbol": "BTCUSDT",
    "price": "40000.37",
    "quantity": "0.368",
    "quoteQty": "14720.14",
    "time": 1725433889468,
    "isBuyerMaker": false,
    "isBestMatch": true
  },
  {
    "id": 123457157,
    "symbol": "BTCUSDT",
    "price": "40000.37",
    "quantity": "0.369",
    "quoteQty": "14760.14",
    "time": 1725433890468,
    "isBuyerMaker": false,
    "isBestMatch": true
  },
  {
    "id": 123457158,
    "symbol": "BTCUSDT",
    "price": "40000.37",
    "quantity": "0.370",
    "quoteQty": "14800.14",
    "time": 1725433891468,
    "isBuyerMaker": true,
    "isBestMatch": true
  },
  {
    "id": 123457159,
    "symbol": "BTCUSDT",
    "price": "40000.37",
    "quantity": "0.371",
    "quoteQty": "14840.14",
    "time": 1725433892468,
    "isBuyerMaker": false,
    "isBestMatch": true
  },
  {
    "id": 123457160,
    "symbol": "BTCUSDT",
    "price": "40000.37",
    "quantity": "0.372",
    "quoteQty": "14880.14",
    "time": 1725433893468,
    "isBuyerMaker": true,
    "isBestMatch": true
  },
  {
    "id": 123457161,
    "symbol": "BTCUSDT",
    "price": "40000.37",
    "quantity": "0.373",
    "quoteQty": "14920.14",
    "time": 1725433894468,
    "isBuyerMaker": true,
    "isBestMatch": true
  },
  {
    "id": 123457162,
    "symbol": "BTCUSDT",
    "price": "40000.37",
    "quantity": "0.374",
    "quoteQty": "14960.14",
    "time": 1725433895468,
    "isBuyerMaker": false,
    "isBestMatch": true
  },
  {
    "id": 123457163,
    "symbol": "BTCUSDT",
    "price": "40000.37",
    "quantity": "0.375",
    "quoteQty": "15000.14",
    "time": 1725433896468,
    "isBuyerMaker": true,
    "isBestMatch": true
  },
  {
    "id": 123457164,
    "symbol": "BTCUSDT",
    "price": "40000.38",
    "quantity": "0.376",
    "quoteQty": "15040.14",
    "time": 1725433897468,
    "isBuyerMaker": true,
    "isBestMatch": true
  },
  {
    "id": 123457165,
    "symbol": "BTCUSDT",
    "price": "40000.38",
    "quantity": "0.377",
    "quoteQty": "15080.14",
    "time": 1725433898468,
    "isBuyerMaker": true,
    "isBestMatch": true
  },
  {
    "id": 123457166,
    "symbol": "BTCUSDT",
    "price": "40000.38",
    "quantity": "0.378",
    "quoteQty": "15120.14",
    "time": 1725433899468,
    "isBuyerMaker": false,
    "isBestMatch": true
  },
  {
    "id": 123457167,
    "symbol": "BTCUSDT",
    "price": "40000.38",
    "quantity": "0.379",
    "quoteQty": "15160.14",
    "time": 1725433900468,
    "isBuyerMaker": false,
    "isBestMatch": true
  },
  {
    "id": 123457168,
    "symbol": "BTCUSDT",
    "price": "40000.38",
    "quantity": "0.380",
    "quoteQty": "15200.14",
    "time": 1725433901468,
    "isBuyerMaker": false,
    "isBestMatch": true
  },
  {
    "id": 123457169,
    "symbol": "BTCUSDT",
    "price": "40000.38",
    "quantity": "0.381",
    "quoteQty": "15240.14",
    "time": 1725433902468,
    "isBuyerMaker": false,
    "isBestMatch": true
  },
  {
    "id": 123457170,
    "symbol": "BTCUSDT",
    "price": "40000.38",
    "quantity": "0.382",
    "quoteQty": "15280.15",
    "time": 1725433903468,
    "isBuyerMaker": false,
    "isBestMatch": true
  },
  {
    "id": 123457171,
    "symbol": "BTCUSDT",
    "price": "40000.38",
    "quantity": "0.383",
    "quoteQty": "15320.15",
    "time": 1725433904468,
    "isBuyerMaker": true,
    "isBestMatch": true
  },
  {
    "id": 123457172,
    "symbol": "BTCUSDT",
    "price": "40000.38",
    "quantity": "0.384",
    "quoteQty": "15360.15",
    "time": 1725433905468,
    "isBuyerMaker": false,
    "isBestMatch": true
  },
  {
    "id": 123457173,
    "symbol": "BTCUSDT",
    "price": "40000.38",
    "quantity": "0.385",
    "quoteQty": "15400.15",
    "time": 1725433906468,
    "isBuyerMaker": true,
    "isBestMatch": true
  },
  {
    "id": 123457174,
    "symbol": "BTCUSDT",
    "price": "40000.39",
    "quantity": "0.386",
    "quoteQty": "15440.15",
    "time": 1725433907468,
    "isBuyerMaker": false,
    "isBestMatch": true
  },
  {
    "id": 123457175,
    "symbol": "BTCUSDT",
    "price": "40000.39",
    "quantity": "0.387",
    "quoteQty": "15480.15",
    "time": 1725433908468,
    "isBuyerMaker": false,
    "isBestMatch": true
  },
  {
    "id": 123457176,
    "symbol": "BTCUSDT",
    "price": "40000.39",
    "quantity": "0.388",
    "quoteQty": "15520.15",
    "time": 1725433909468,
    "isBuyerMaker": false,
    "isBestMatch": true
  },
  {
    "id": 123457177,
    "symbol": "BTCUSDT",
    "price": "40000.39",
    "quantity": "0.389",
    "quoteQty": "15560.15",
    "time": 1725433910468,
    "isBuyerMaker": false,
    "isBestMatch": true
  },
  {
    "id": 123457178,
    "symbol": "BTCUSDT",
    "price": "40000.39",
    "quantity": "0.390",
    "quoteQty": "15600.15",
    "time": 1725433911468,
    "isBuyerMaker": false,
    "isBestMatch": true
  },
  {
    "id": 123457179,
    "symbol": "BTCUSDT",
    "price": "40000.39",
    "quantity": "0.391",
    "quoteQty": "15640.15",
    "time": 1725433912468,
    "isBuyerMaker": false,
    "isBestMatch": true
  },
  {
    "id": 123457180,
    "symbol": "BTCUSDT",
    "price": "40000.39",
    "quantity": "0.392",
    "quoteQty": "15680.15",
    "time": 1725433913468,
    "isBuyerMaker": false,
    "isBestMatch": true
  },
  {
    "id": 123457181,
    "symbol": "BTCUSDT",
    "price": "40000.39",
    "quantity": "0.393",
    "quoteQty": "15720.15",
    "time": 1725433914468,
    "isBuyerMaker": true,
    "isBestMatch": true
  },
  {
    "id": 123457182,
    "symbol": "BTCUSDT",
    "price": "40000.39",
    "quantity": "0.394",
    "quoteQty": "15760.15",
    "time": 1725433915468,
    "isBuyerMaker": false,
    "isBestMatch": true
  },
  {
    "id": 123457183,
    "symbol": "BTCUSDT",
    "price": "40000.39",
    "quantity": "0.395",
    "quoteQty": "15800.15",
    "time": 1725433916468,
    "isBuyerMaker": false,
    "isBestMatch": true
  },
  {
    "id": 123457184,
    "symbol": "BTCUSDT",
    "price": "40000.39",
    "quantity": "0.396",
    "quoteQty": "15840.15",
    "time": 1725433917468,
    "isBuyerMaker": true,
    "isBestMatch": true
  },
  {
    "id": 123457185,
    "symbol": "BTCUSDT",
    "price": "40000.40",
    "quantity": "0.397",
    "quoteQty": "15880.16",
    "time": 1725433918468,
    "isBuyerMaker": true,
    "isBestMatch": true
  },
  {
    "id": 123457186,
    "symbol": "BTCUSDT",
    "price": "40000.40",
    "quantity": "0.398",
    "quoteQty": "15920.16",
    "time": 1725433919468,
    "isBuyerMaker": true,
    "isBestMatch": true
  },
  {
    "id": 123457187,
    "symbol": "BTCUSDT",
    "price": "40000.40",
    "quantity": "0.399",
    "quoteQty": "15960.16",
    "time": 1725433920468,
    "isBuyerMaker": false,
    "isBestMatch": true
  },
  {
    "id": 123457188,
    "symbol": "BTCUSDT",
    "price": "40000.40",
    "quantity": "0.400",
    "quoteQty": "16000.16",
    "time": 1725433921468,
    "isBuyerMaker": true,
    "isBestMatch": true
  },
  {
    "id": 123457189,
    "symbol": "BTCUSDT",
    "price": "40000.40",
    "quantity": "0.401",
    "quoteQty": "16040.16",
    "time": 1725433922468,
    "isBuyerMaker": false,
    "isBestMatch": true
  },
  {
    "id": 123457190,
    "symbol": "BTCUSDT",
    "price": "40000.40",
    "quantity": "0.402",
    "quoteQty": "16080.16",
    "time": 1725433923468,
    "isBuyerMaker": false,
    "isBestMatch": true
  },
  {
    "id": 123457191,
    "symbol": "BTCUSDT",
    "price": "40000.40",
    "quantity": "0.403",
    "quoteQty": "16120.16",
    "time": 1725433924468,
    "isBuyerMaker": false,
    "isBestMatch": true
  },
  {
    "id": 123457192,
    "symbol": "BTCUSDT",
    "price": "40000.40",
    "quantity": "0.404",
    "quoteQty": "16160.16",
    "time": 1725433925468,
    "isBuyerMaker": false,
    "isBestMatch": true
  },
  {
    "id": 123457193,
    "symbol": "BTCUSDT",
    "price": "40000.40",
    "quantity": "0.405",
    "quoteQty": "16200.16",
    "time": 1725433926468,
    "isBuyerMaker": true,
    "isBestMatch": true
  },
  {
    "id": 123457194,
    "symbol": "BTCUSDT",
    "price": "40000.40",
    "quantity": "0.406",
    "quoteQty": "16240.16",
    "time": 1725433927468,
    "isBuyerMaker": true,
    "isBestMatch": true
  },
  {
    "id": 123457195,
    "symbol": "BTCUSDT",
    "price": "40000.41",
    "quantity": "0.407",
    "quoteQty": "16280.17",
    "time": 1725433928468,
    "isBuyerMaker": false,
    "isBestMatch": true
  },
  {
    "id": 123457196,
    "symbol": "BTCUSDT",
    "price": "40000.41",
    "quantity": "0.408",
    "quoteQty": "16320.17",
    "time": 1725433929468,
    "isBuyerMaker": true,
    "isBestMatch": true
  },
  {
    "id": 123457197,
    "symbol": "BTCUSDT",
    "price": "40000.41",
    "quantity": "0.409",
    "quoteQty": "16360.17",
    "time": 1725433930468,
    "isBuyerMaker": true,
    "isBestMatch": true
  },
  {
    "id": 123457198,
    "symbol": "BTCUSDT",
    "price": "40000.41",
    "quantity": "0.410",
    "quoteQty": "16400.17",
    "time": 1725433931468,
    "isBuyerMaker": false,
    "isBestMatch": true
  },
  {
    "id": 123457199,
    "symbol": "BTCUSDT",
    "price": "40000.41",
    "quantity": "0.411",
    "quoteQty": "16440.17",
    "time": 1725433932468,
    "isBuyerMaker": true,
    "isBestMatch": true
  },
  {
    "id": 123457200,
    "symbol": "BTCUSDT",
    "price": "40000.41",
    "quantity": "0.412",
    "quoteQty": "16480.17",
    "time": 1725433933468,
    "isBuyerMaker": false,
    "isBestMatch": true
  },
  {
    "id": 123457201,
    "symbol": "BTCUSDT",
    "price": "40000.41",
    "quantity": "0.413",
    "quoteQty": "16520.17",
    "time": 1725433934468,
    "isBuyerMaker": false,
    "isBestMatch": true
  },
  {
    "id": 123457202,
    "symbol": "BTCUSDT",
    "price": "40000.41",
    "quantity": "0.414",
    "quoteQty": "16560.17",
    "time": 1725433935468,
    "isBuyerMaker": true,
    "isBestMatch": true
  },
  {
    "id": 123457203,
    "symbol": "BTCUSDT",
    "price": "40000.41",
    "quantity": "0.415",
    "quoteQty": "16600.17",
    "time": 1725433936468,
    "isBuyerMaker": true,
    "isBestMatch": true
  },
  {
    "id": 123457204,
    "symbol": "BTCUSDT",
    "price": "40000.42",
    "quantity": "0.416",
    "quoteQty": "16640.17",
    "time": 1725433937468,
    "isBuyerMaker": true,
    "isBestMatch": true
  },
  {
    "id": 123457205,
    "symbol": "BTCUSDT",
    "price": "40000.42",
    "quantity": "0.417",
    "quoteQty": "16680.18",
    "time": 1725433938468,
    "isBuyerMaker": true,
    "isBestMatch": true
  },
  {
    "id": 123457206,
    "symbol": "BTCUSDT",
    "price": "40000.42",
    "quantity": "0.418",
    "quoteQty": "16720.18",
    "time": 1725433939468,
    "isBuyerMaker": false,
    "isBestMatch": true
  },
  {
    "id": 123457207,
    "symbol": "BTCUSDT",
    "price": "40000.42",
    "quantity": "0.419",
    "quoteQty": "16760.18",
    "time": 1725433940468,
    "isBuyerMaker": false,
    "isBestMatch": true
  },
  {
    "id": 123457208,
    "symbol": "BTCUSDT",
    "price": "40000.42",
    "quantity": "0.420",
    "quoteQty": "16800.18",
    "time": 1725433941468,
    "isBuyerMaker": true,
    "isBestMatch": true
  },
  {
    "id": 123457209,
    "symbol": "BTCUSDT",
    "price": "40000.42",
    "quantity": "0.421",
    "quoteQty": "16840.18",
    "time": 1725433942468,
    "isBuyerMaker": false,
    "isBestMatch": true
  },
  {
    "id": 123457210,
    "symbol": "BTCUSDT",
    "price": "40000.42",
    "quantity": "0.422",
    "quoteQty": "16880.18",
    "time": 1725433943468,
    "isBuyerMaker": false,
    "isBestMatch": true
  },
  {
    "id": 123457211,
    "symbol": "BTCUSDT",
    "price": "40000.42",
    "quantity": "0.423",
    "quoteQty": "16920.18",
    "time": 1725433944468,
    "isBuyerMaker": false,
    "isBestMatch": true
  },
  {
    "id": 123457212,
    "symbol": "BTCUSDT",
    "price": "40000.42",
    "quantity": "0.424",
    "quoteQty": "16960.18",
    "time": 1725433945468,
    "isBuyerMaker": false,
    "isBestMatch": true
  },
  {
    "id": 123457213,
    "symbol": "BTCUSDT",
    "price": "40000.42",
    "quantity": "0.425",
    "quoteQty": "17000.18",
    "time": 1725433946468,
    "isBuyerMaker": false,
    "isBestMatch": true
  },
  {
    "id": 123457214,
    "symbol": "BTCUSDT",
    "price": "40000.43",
    "quantity": "0.426",
    "quoteQty": "17040.18",
    "time": 1725433947468,
    "isBuyerMaker": false,
    "isBestMatch": true
  },
  {
    "id": 123457215,
    "symbol": "BTCUSDT",
    "price": "40000.43",
    "quantity": "0.427",
    "quoteQty": "17080.18",
    "time": 1725433948468,
    "isBuyerMaker": false,
    "isBestMatch": true
  },
  {
    "id": 123457216,
    "symbol": "BTCUSDT",
    "price": "40000.43",
    "quantity": "0.428",
    "quoteQty": "17120.18",
    "time": 1725433949468,
    "isBuyerMaker": false,
    "isBestMatch": true
  },
  {
    "id": 123457217,
    "symbol": "BTCUSDT",
    "price": "40000.43",
    "quantity": "0.429",
    "quoteQty": "17160.18",
    "time": 1725433950468,
    "isBuyerMaker": true,
    "isBestMatch": true
  },
  {
    "id": 123457218,
    "symbol": "BTCUSDT",
    "price": "40000.43",
    "quantity": "0.430",
    "quoteQty": "17200.18",
    "time": 1725433951468,
    "isBuyerMaker": false,
    "isBestMatch": true
  },
  {
    "id": 123457219,
    "symbol": "BTCUSDT",
    "price": "40000.43",
    "quantity": "0.431",
    "quoteQty": "17240.19",
    "time": 1725433952468,
    "isBuyerMaker": true,
    "isBestMatch": true
  },
  {
    "id": 123457220,
    "symbol": "BTCUSDT",
    "price": "40000.43",
    "quantity": "0.432",
    "quoteQty": "17280.19",
    "time": 1725433953468,
    "isBuyerMaker": true,
    "isBestMatch": true
  },
  {
    "id": 123457221,
    "symbol": "BTCUSDT",
    "price": "40000.43",
    "quantity": "0.433",
    "quoteQty": "17320.19",
    "time": 1725433954468,
    "isBuyerMaker": false,
    "isBestMatch": true
  },
  {
    "id": 123457222,
    "symbol": "BTCUSDT",
    "price": "40000.43",
    "quantity": "0.434",
    "quoteQty": "17360.19",
    "time": 1725433955468,
    "isBuyerMaker": true,
    "isBestMatch": true
  },
  {
    "id": 123457223,
    "symbol": "BTCUSDT",
    "price": "40000.43",
    "quantity": "0.435",
    "quoteQty": "17400.19",
    "time": 1725433956468,
    "isBuyerMaker": true,
    "isBestMatch": true
  },
  {
    "id": 123457224,
    "symbol": "BTCUSDT",
    "price": "40000.43",
    "quantity": "0.436",
    "quoteQty": "17440.19",
    "time": 1725433957468,
    "isBuyerMaker": true,
    "isBestMatch": true
  },
  {
    "id": 123457225,
    "symbol": "BTCUSDT",
    "price": "40000.44",
    "quantity": "0.437",
    "quoteQty": "17480.19",
    "time": 1725433958468,
    "isBuyerMaker": true,
    "isBestMatch": true
  },
  {
    "id": 123457226,
    "symbol": "BTCUSDT",
    "price": "40000.44",
    "quantity": "0.438",
    "quoteQty": "17520.19",
    "time": 1725433959468,
    "isBuyerMaker": false,
    "isBestMatch": true
  },
  {
    "id": 123457227,
    "symbol": "BTCUSDT",
    "price": "40000.44",
    "quantity": "0.439",
    "quoteQty": "17560.19",
    "time": 1725433960468,
    "isBuyerMaker": true,
    "isBestMatch": true
  },
  {
    "id": 123457228,
    "symbol": "BTCUSDT",
    "price": "40000.44",
    "quantity": "0.440",
    "quoteQty": "17600.19",
    "time": 1725433961468,
    "isBuyerMaker": false,
    "isBestMatch": true
  },
  {
    "id": 123457229,
    "symbol": "BTCUSDT",
    "price": "40000.44",
    "quantity": "0.441",
    "quoteQty": "17640.19",
    "time": 1725433962468,
    "isBuyerMaker": false,
    "isBestMatch": true
  },
  {
    "id": 123457230,
    "symbol": "BTCUSDT",
    "price": "40000.44",
    "quantity": "0.442",
    "quoteQty": "17680.19",
    "time": 1725433963468,
    "isBuyerMaker": true,
    "isBestMatch": true
  },
  {
    "id": 123457231,
    "symbol": "BTCUSDT",
    "price": "40000.44",
    "quantity": "0.443",
    "quoteQty": "17720.19",
    "time": 1725433964468,
    "isBuyerMaker": false,
    "isBestMatch": true
  },
  {
    "id": 123457232,
    "symbol": "BTCUSDT",
    "price": "40000.44",
    "quantity": "0.444",
    "quoteQty": "17760.20",
    "time": 1725433965468,
    "isBuyerMaker": true,
    "isBestMatch": true
  },
  {
    "id": 123457233,
    "symbol": "BTCUSDT",
    "price": "40000.44",
    "quantity": "0.445",
    "quoteQty": "17800.20",
    "time": 1725433966468,
    "isBuyerMaker": true,
    "isBestMatch": true
  },
  {
    "id": 123457234,
    "symbol": "BTCUSDT",
    "price": "40000.44",
    "quantity": "0.446",
    "quoteQty": "17840.20",
    "time": 1725433967468,
    "isBuyerMaker": false,
    "isBestMatch": true
  },
  {
    "id": 123457235,
    "symbol": "BTCUSDT",
    "price": "40000.45",
    "quantity": "0.447",
    "quoteQty": "17880.20",
    "time": 1725433968468,
    "isBuyerMaker": false,
    "isBestMatch": true
  },
  {
    "id": 123457236,
    "symbol": "BTCUSDT",
    "price": "40000.45",
    "quantity": "0.448",
    "quoteQty": "17920.20",
    "time": 1725433969468,
    "isBuyerMaker": true,
    "isBestMatch": true
  },
  {
    "id": 123457237,
    "symbol": "BTCUSDT",
    "price": "40000.45",
    "quantity": "0.449",
    "quoteQty": "17960.20",
    "time": 1725433970468,
    "isBuyerMaker": false,
    "isBestMatch": true
  },
  {
    "id": 123457238,
    "symbol": "BTCUSDT",
    "price": "40000.45",
    "quantity": "0.450",
    "quoteQty": "18000.20",
    "time": 1725433971468,
    "isBuyerMaker": false,
    "isBestMatch": true
  },
  {
    "id": 123457239,
    "symbol": "BTCUSDT",
    "price": "40000.45",
    "quantity": "0.451",
    "quoteQty": "18040.20",
    "time": 1725433972468,
    "isBuyerMaker": true,
    "isBestMatch": true
  },
  {
    "id": 123457240,
    "symbol": "BTCUSDT",
    "price": "40000.45",
    "quantity": "0.452",
    "quoteQty": "18080.20",
    "time": 1725433973468,
    "isBuyerMaker": false,
    "isBestMatch": true
  },
  {
    "id": 123457241,
    "symbol": "BTCUSDT",
    "price": "40000.45",
    "quantity": "0.453",
    "quoteQty": "18120.20",
    "time": 1725433974468,
    "isBuyerMaker": true,
    "isBestMatch": true
  },
  {
    "id": 123457242,
    "symbol": "BTCUSDT",
    "price": "40000.45",
    "quantity": "0.454",
    "quoteQty": "18160.20",
    "time": 1725433975468,
    "isBuyerMaker": true,
    "isBestMatch": true
  },
  {
    "id": 123457243,
    "symbol": "BTCUSDT",
    "price": "40000.45",
    "quantity": "0.455",
    "quoteQty": "18200.20",
    "time": 1725433976468,
    "isBuyerMaker": false,
    "isBestMatch": true
  },
  {
    "id": 123457244,
    "symbol": "BTCUSDT",
    "price": "40000.46",
    "quantity": "0.456",
    "quoteQty": "18240.21",
    "time": 1725433977468,
    "isBuyerMaker": false,
    "isBestMatch": true
  },
  {
    "id": 123457245,
    "symbol": "BTCUSDT",
    "price": "40000.46",
    "quantity": "0.457",
    "quoteQty": "18280.21",
    "time": 1725433978468,
    "isBuyerMaker": true,
    "isBestMatch": true
  },
  {
    "id": 123457246,
    "symbol": "BTCUSDT",
    "price": "40000.46",
    "quantity": "0.458",
    "quoteQty": "18320.21",
    "time": 1725433979468,
    "isBuyerMaker": true,
    "isBestMatch": true
  },
  {
    "id": 123457247,
    "symbol": "BTCUSDT",
    "price": "40000.46",
    "quantity": "0.459",
    "quoteQty": "18360.21",
    "time": 1725433980468,
    "isBuyerMaker": false,
    "isBestMatch": true
  },
  {
    "id": 123457248,
    "symbol": "BTCUSDT",
    "price": "40000.46",
    "quantity": "0.460",
    "quoteQty": "18400.21",
    "time": 1725433981468,
    "isBuyerMaker": false,
    "isBestMatch": true
  },
  {
    "id": 123457249,
    "symbol": "BTCUSDT",
    "price": "40000.46",
    "quantity": "0.461",
    "quoteQty": "18440.21",
    "time": 1725433982468,
    "isBuyerMaker": false,
    "isBestMatch": true
  },
  {
    "id": 123457250,
    "symbol": "BTCUSDT",
    "price": "40000.46",
    "quantity": "0.462",
    "quoteQty": "18480.21",
    "time": 1725433983468,
    "isBuyerMaker": true,
    "isBestMatch": true
  },
  {
    "id": 123457251,
    "symbol": "BTCUSDT",
    "price": "40000.46",
    "quantity": "0.463",
    "quoteQty": "18520.21",
    "time": 1725433984468,
    "isBuyerMaker": false,
    "isBestMatch": true
  },
  {
    "id": 123457252,
    "symbol": "BTCUSDT",
    "price": "40000.46",
    "quantity": "0.464",
    "quoteQty": "18560.21",
    "time": 1725433985468,
    "isBuyerMaker": true,
    "isBestMatch": true
  },
  {
    "id": 123457253,
    "symbol": "BTCUSDT",
    "price": "40000.46",
    "quantity": "0.465",
    "quoteQty": "18600.21",
    "time": 1725433986468,
    "isBuyerMaker": false,
    "isBestMatch": true
  },
  {
    "id": 123457254,
    "symbol": "BTCUSDT",
    "price": "40000.46",
    "quantity": "0.466",
    "quoteQty": "18640.21",
    "time": 1725433987468,
    "isBuyerMaker": true,
    "isBestMatch": true
  },
  {
    "id": 123457255,
    "symbol": "BTCUSDT",
    "price": "40000.47",
    "quantity": "0.467",
    "quoteQty": "18680.22",
    "time": 1725433988468,
    "isBuyerMaker": true,
    "isBestMatch": true
  },
  {
    "id": 123457256,
    "symbol": "BTCUSDT",
    "price": "40000.47",
    "quantity": "0.468",
    "quoteQty": "18720.22",
    "time": 1725433989468,
    "isBuyerMaker": true,
    "isBestMatch": true
  },
  {
    "id": 123457257,
    "symbol": "BTCUSDT",
    "price": "40000.47",
    "quantity": "0.469",
    "quoteQty": "18760.22",
    "time": 1725433990468,
    "isBuyerMaker": true,
    "isBestMatch": true
  },
  {
    "id": 123457258,
    "symbol": "BTCUSDT",
    "price": "40000.47",
    "quantity": "0.470",
    "quoteQty": "18800.22",
    "time": 1725433991468,
    "isBuyerMaker": false,
    "isBestMatch": true
  },
  {
    "id": 123457259,
    "symbol": "BTCUSDT",
    "price": "40000.47",
    "quantity": "0.471",
    "quoteQty": "18840.22",
    "time": 1725433992468,
    "isBuyerMaker": false,
    "isBestMatch": true
  },
  {
    "id": 123457260,
    "symbol": "BTCUSDT",
    "price": "40000.47",
    "quantity": "0.472",
    "quoteQty": "18880.22",
    "time": 1725433993468,
    "isBuyerMaker": false,
    "isBestMatch": true
  },
  {
    "id": 123457261,
    "symbol": "BTCUSDT",
    "price": "40000.47",
    "quantity": "0.473",
    "quoteQty": "18920.22",
    "time": 1725433994468,
    "isBuyerMaker": true,
    "isBestMatch": true
  },
  {
    "id": 123457262,
    "symbol": "BTCUSDT",
    "price": "40000.47",
    "quantity": "0.474",
    "quoteQty": "18960.22",
    "time": 1725433995468,
    "isBuyerMaker": false,
    "isBestMatch": true
  },
  {
    "id": 123457263,
    "symbol": "BTCUSDT",
    "price": "40000.47",
    "quantity": "0.475",
    "quoteQty": "19000.22",
    "time": 1725433996468,
    "isBuyerMaker": false,
    "isBestMatch": true
  },
  {
    "id": 123457264,
    "symbol": "BTCUSDT",
    "price": "40000.47",
    "quantity": "0.476",
    "quoteQty": "19040.22",
    "time": 1725433997468,
    "isBuyerMaker": false,
    "isBestMatch": true
  },
  {
    "id": 123457265,
    "symbol": "BTCUSDT",
